Row ID,Order ID,Order Date,Ship Date,Ship Mode,Customer ID,Customer Name,Segment,Country,City,State,Postal Code,Region,Product ID,CategoryTree,Product Name,Sales,Quantity,Discount,Profit
7492,US-2017-118598,11/16/2017,11/16/2017,Same Day,CM-12190,Charlotte Melton,Consumer,United States,Utica,New York,13501,East,TEC-PH-10002583,"{'MainCategory': 'Technology', 'SubCategory': 'Phones'}",iOttie HLCRIO102 Car Mount,119.94,6,0,5.997
6641,CA-2017-128328,8/5/2017,8/9/2017,Standard Class,PO-18865,Patrick O'Donnell,Consumer,United States,Indianapolis,Indiana,46203,Central,OFF-BI-10001989,"{'MainCategory': 'Office Supplies', 'SubCategory': 'Binders'}",Premium Transparent Presentation Covers by GBC,125.88,6,0,60.4224
9243,CA-2014-113271,7/9/2014,7/14/2014,Standard Class,DS-13030,Darrin Sayre,Home Office,United States,San Francisco,California,94122,West,OFF-BI-10002609,"{'MainCategory': 'Office Supplies', 'SubCategory': 'Binders'}",Avery Hidden Tab Dividers for Binding Systems,14.304,6,0.2,4.6488
2469,CA-2017-128755,5/4/2017,5/8/2017,Standard Class,MK-18160,Mike Kennedy,Consumer,United States,Newport News,Virginia,23602,South,OFF-PA-10004983,"{'MainCategory': 'Office Supplies', 'SubCategory': 'Paper'}",Xerox 23,32.4,5,0,15.552
3136,CA-2017-164168,11/12/2017,11/18/2017,Standard Class,LS-16975,Lindsay Shagiari,Home Office,United States,Dallas,Texas,75081,Central,OFF-ST-10002583,"{'MainCategory': 'Office Supplies', 'SubCategory': 'Storage'}",Fellowes Neat Ideas Storage Cubes,77.952,3,0.2,-15.5904
8764,CA-2016-112578,12/29/2016,,Standard Class,FO-14305,Frank Olsen,Consumer,United States,Sacramento,California,95823,West,OFF-SU-10002557,"{'MainCategory': 'Office Supplies', 'SubCategory': 'Supplies'}",Fiskars Spring-Action Scissors,27.96,2,0,7.2696
,CA-2017-145429,7/21/2017,7/25/2017,Standard Class,SW-20455,Shaun Weien,Consumer,United States,San Diego,California,92024,West,FUR-CH-10000988,"{'MainCategory': 'Furniture', 'SubCategory': 'Chairs'}",Hon Olson Stacker Stools,225.296,2,0.2,22.5296
100,CA-2016-158568,8/29/2016,9/2/2016,Standard Class,RB-19465,Rick Bensley,Home Office,,Chicago,Illinois,60610,Central,OFF-PA-10003256,"{'MainCategory': 'Office Supplies', 'SubCategory': 'Paper'}",Avery Personal Creations Heavyweight Cards,64.624,7,0.2,22.6184
4165,US-2017-106131,1/14/2017,1/16/2017,First Class,TP-21565,Tracy Poddar,Corporate,United States,Aurora,Colorado,80013,West,TEC-AC-10003027,"{'MainCategory': 'Technology', 'SubCategory': 'Accessories'}",Imation 8GB Mini TravelDrive USB 2.0 Flash Drive,169.064,7,0.2,-14.7931
6288,CA-2014-100090,7/8/2014,7/12/2014,Standard Class,EB-13705,Ed Braxton,Corporate,United States,San Francisco,California,94122,West,FUR-TA-10003715,"{'MainCategory': 'Furniture', 'SubCategory': 'Tables'}",Hon 2111 Invitation Series Corner Table,502.488,3,0.2,-87.9354
1734,US-2016-131149,7/10/2016,7/14/2016,Standard Class,LH-17155,Logan Haushalter,Consumer,United States,Dallas,Texas,75081,Central,OFF-AR-10002135,"{'MainCategory': 'Office Supplies', 'SubCategory': 'Art'}",Boston Heavy-Duty Trimline Electric Pencil Sharpeners,154.24,4,0.2,17.352
861,CA-2014-133851,6/9/2014,6/16/2014,Standard Class,CM-12445,Chuck Magee,Consumer,United States,San Francisco,California,94122,West,,"{'MainCategory': 'Office Supplies', 'SubCategory': 'Supplies'}",Staple remover,7.36,2,0,0.1472
8936,CA-2017-130036,8/27/2017,8/27/2017,Same Day,,,Corporate,United States,,Pennsylvania,19120,East,TEC-AC-10001908,"{'MainCategory': 'Technology', 'SubCategory': 'Accessories'}",Logitech Wireless Headset h800,1119.888,14,0.2,209.979
8719,CA-2016-120824,6/12/2016,6/16/2016,Second Class,AW-10930,Arthur Wiediger,Home Office,United States,Houston,Texas,77070,Central,OFF-AR-10003469,"{'MainCategory': 'Office Supplies', 'SubCategory': 'Art'}",Nontoxic Chalk,11.264,8,0.2,
9781,CA-2016-153178,,9/18/2016,Standard Class,CL-12565,Clay Ludtke,Consumer,United States,Long Beach,New York,11561,East,TEC-PH-10001944,"{'MainCategory': 'Technology', 'SubCategory': 'Phones'}",Wi-Ex zBoost YX540 Cellular Phone Signal Booster,437.85,3,0,131.355
7802,CA-2014-143637,3/24/2014,3/29/2014,Second Class,MS-17710,Maurice Satty,Consumer,United States,Fresno,California,93727,West,FUR-FU-10002813,"{'MainCategory': 'Furniture', 'SubCategory': 'Furnishings'}","DAX Contemporary Wood Frame with Silver Metal Mat, Desktop, 11 x 14 Size",40.48,2,0,14.5728
2937,US-2016-169040,12/6/2016,12/12/2016,Standard Class,GT-14710,Greg Tran,Consumer,United States,Seattle,Washington,98105,West,OFF-BI-10001636,"{'MainCategory': 'Office Supplies', 'SubCategory': 'Binders'}",Ibico Plastic and Wire Spiral Binding Combs,47.208,7,0.2,15.3426
6203,CA-2016-118332,12/16/2016,12/23/2016,Standard Class,PK-19075,Pete Kriz,Consumer,United States,Apple Valley,California,92307,West,FUR-CH-10001708,"{'MainCategory': 'Furniture', 'SubCategory': 'Chairs'}",Office Star - Contemporary Swivel Chair with Padded Adjustable Arms and Flex Back,563.92,5,0.2,7.049
,,,,,,,,,,,,,,,,,,,
3479,CA-2016-131289,12/8/2016,12/14/2016,Standard Class,SP-20620,Stefania Perrino,Corporate,United States,San Francisco,California,94110,West,OFF-AR-10003056,"{'MainCategory': 'Office Supplies', 'SubCategory': 'Art'}",Newell 341,8.56,2,0,2.4824
4003,CA-2016-145730,3/3/2016,3/8/2016,Standard Class,CC-12220,Chris Cortes,Consumer,United States,San Antonio,Texas,78207,Central,FUR-TA-10004915,"{'MainCategory': 'Furniture', 'SubCategory': 'Tables'}","Office Impressions End Table, 20-1/2""H x 24""W x 20""D",637.896,3,0.3,-127.5792
6893,CA-2017-164756,9/18/2017,9/22/2017,Standard Class,SS-20140,Saphhira Shifley,Corporate,United States,Columbus,Georgia,31907,South,OFF-PA-10003848,"{'MainCategory': 'Office Supplies', 'SubCategory': 'Paper'}",Xerox 1997,25.92,4,0,12.4416
2995,CA-2016-112893,9/9/2016,9/13/2016,Second Class,AT-10735,Annie Thurman,Consumer,United States,Stockton,California,95207,,OFF-BI-10004654,"{'MainCategory': 'Office Supplies', 'SubCategory': 'Binders'}",VariCap6 Expandable Binder,55.36,4,0.2,18.684
2967,CA-2014-162866,12/27/2014,12/31/2014,Standard Class,Co-12640,Corey-Lock,,United States,Skokie,Illinois,60076,Central,FUR-FU-10001473,"{'MainCategory': 'Furniture', 'SubCategory': 'Furnishings'}",DAX Wood Document Frame,32.952,6,0.6,-19.7712
4264,CA-2017-110429,11/3/2017,11/8/2017,Standard Class,,Darrin Martin,Consumer,United States,Philadelphia,Pennsylvania,19143,East,OFF-BI-10000216,"{'MainCategory': 'Office Supplies', 'SubCategory': 'Binders'}","Mead 1st Gear 2"" Zipper Binder, Asst. Colors",11.673,3,0.7,-7.782
3601,CA-2017-138310,6/26/2017,6/30/2017,Standard Class,NP-18700,Nora Preis,Consumer,United States,Denver,Colorado,80219,West,TEC-AC-10001990,"{'MainCategory': 'Technology', 'SubCategory': 'Accessories'}",Kensington Orbit Wireless Mobile Trackball for PC and Mac,431.928,9,0.2,64.7892
4082,CA-2016-140417,9/25/2016,9/29/2016,Standard Class,KE-16420,Katrina Edelman,Corporate,United States,Tigard,Oregon,97224,West,OFF-BI-10004828,"{'MainCategory': 'Office Supplies', 'SubCategory': 'Binders'}",GBC Poly Designer Binding Covers,5.022,1,0.7,-3.5154
2093,CA-2014-145926,11/17/2014,11/21/2014,Standard Class,MP-17470,Mark Packer,Home Office,United States,Moorhead,Minnesota,56560,Central,FUR-CH-10004289,"{'MainCategory': 'Furniture', 'SubCategory': 'Chairs'}",Global Super Steno Chair,479.9,5,0,
1900,CA-2014-169775,,9/2/2014,Second Class,RA-19945,Ryan Akin,Consumer,United States,Miami,Florida,33178,South,FUR-TA-10001857,"{'MainCategory': 'Furniture', 'SubCategory': 'Tables'}",Balt Solid Wood Rectangular Table,174.0585,3,0.45,-110.7645
1317,CA-2016-145919,12/18/2016,12/23/2016,Standard Class,HG-14965,Henry Goldwyn,Corporate,United States,,,,,,,,579.3,5,0,28.965
2567,CA-2017-123967,11/1/2017,11/3/2017,Second Class,SF-20200,Sarah Foster,Consumer,United States,,,,,,,,25.12,5,0.2,7.85
6142,CA-2017-121083,7/9/2017,7/15/2017,Standard Class,JF-15190,Jamie Frazer,Consumer,United States,,,,,,,Tennsco Industrial Shelving,195.64,4,0,3.9128
7071,CA-2016-164490,9/5/2016,9/10/2016,Second Class,SU-20665,,Home Office,United States,Chicago,Illinois,60653,Central,OFF-PA-10004971,,Xerox 196,9.248,2,0.2,3.3524
4486,CA-2016-109365,11/3/2016,11/8/2016,Standard Class,XP-21865,Xylona Preis,Consumer,United States,Los Angeles,California,90049,West,OFF-PA-10000477,"{'MainCategory': 'Office Supplies', 'SubCategory': 'Paper'}",Xerox 22,19.44,3,0,9.3312
6109,CA-2016-150007,9/11/2016,9/16/2016,Standard Class,AS-10090,Adam Shillingsburg,Consumer,United States,Chicago,Illinois,60653,Central,OFF-LA-10001982,"{'MainCategory': 'Office Supplies', 'SubCategory': 'Labels'}",Smead Alpha-Z Color-Coded Name Labels First Letter Starter Set,6,2,0.2,2.1
2430,CA-2016-169922,6/11/2016,6/17/2016,Standard Class,MZ-17515,Mary Zewe,Corporate,United States,Arlington,Texas,76017,Central,FUR-FU-10004415,"{'MainCategory': 'Furniture', 'SubCategory': 'Furnishings'}","Stacking Tray, Side-Loading, Legal, Smoke",12.544,7,0.6,-9.0944
9807,CA-2016-136322,10/21/2016,10/26/2016,Standard Class,AP-10720,Anne Pryor,Home Office,United States,Fort Lauderdale,Florida,33311,South,OFF-BI-10004817,"{'MainCategory': 'Office Supplies', 'SubCategory': 'Binders'}",GBC Personal VeloBind Strips,28.752,8,0.7,-21.0848
7074,CA-2016-112256,7/23/2016,7/28/2016,Standard Class,CK-12205,Chloris Kastensmidt,Consumer,United States,Mcallen,Texas,78501,Central,OFF-AR-10001953,"{'MainCategory': 'Office Supplies', 'SubCategory': 'Art'}",Boston 1645 Deluxe Heavier-Duty Electric Pencil Sharpener,175.92,5,0.2,15.393
2923,US-2015-141453,11/30/2015,12/3/2015,Second Class,DB-13270,Deborah Brumfield,Home Office,United States,Austin,Texas,78745,Central,OFF-BI-10000301,"{'MainCategory': 'Office Supplies', 'SubCategory': 'Binders'}",GBC Instant Report Kit,3.882,3,0.8,-5.823
1542,CA-2014-166884,3/11/2014,3/16/2014,Second Class,CK-12205,Chloris Kastensmidt,Consumer,United States,Columbus,Ohio,43229,East,FUR-FU-10003981,"{'MainCategory': 'Furniture', 'SubCategory': 'Furnishings'}",Eldon Wave Desk Accessories,8.32,5,0.2,2.288
2006,CA-2014-111150,12/31/2014,1/4/2015,,,,,,,,65203,Central,OFF-AR-10000034,"{'MainCategory': 'Office Supplies', 'SubCategory': 'Art'}","BIC Brite Liner Grip Highlighters, Assorted, 5/Pack",29.68,7,0,11.5752
6047,CA-2016-154662,6/9/2016,6/16/2016,,,,,,,,55407,Central,FUR-TA-10001771,"{'MainCategory': 'Furniture', 'SubCategory': 'Tables'}","Bush Cubix Conference Tables, Fully Assembled",692.94,3,0,173.235
7091,CA-2015-119480,1/9/2015,1/13/2015,,,,,,,,42420,South,OFF-PA-10000474,"{'MainCategory': 'Office Supplies', 'SubCategory': 'Paper'}",Easy-staple paper,106.32,3,0,49.9704
198,CA-2017-107720,11/6/2017,11/13/2017,,,,,,,,7090,East,OFF-ST-10001414,"{'MainCategory': 'Office Supplies', 'SubCategory': 'Storage'}",Decoflex Hanging Personal Folder File,46.26,3,0,12.0276
2427,US-2017-147669,12/25/2017,12/30/2017,,,,,,,,45014,East,OFF-FA-10002975,"{'MainCategory': 'Office Supplies', 'SubCategory': 'Fasteners'}",Staples,39.312,13,0.2,12.7764
3661,CA-2016-161676,7/18/2016,7/23/2016,,,,,,,,85301,West,OFF-SU-10004782,"{'MainCategory': 'Office Supplies', 'SubCategory': 'Supplies'}","Elite 5"" Scissors",33.8,5,0.2,4.225
6816,CA-2014-144414,6/17/2014,6/21/2014,,,,,,,,98105,West,FUR-FU-10003981,"{'MainCategory': 'Furniture', 'SubCategory': 'Furnishings'}",Eldon Wave Desk Accessories,6.24,3,0,2.6208
1338,CA-2017-100524,3/31/2017,4/2/2017,Second Class,CM-12115,Chad McGuire,Consumer,United States,New York City,New York,10011,East,FUR-FU-10004018,"{'MainCategory': 'Furniture', 'SubCategory': 'Furnishings'}",Tensor Computer Mounted Lamp,29.78,2,0,8.0406
4101,US-2017-102288,6/19/2017,6/23/2017,Standard Class,ZC-21910,Zuschuss Carroll,Consumer,United States,Houston,Texas,77095,Central,,,,,,,
4454,CA-2016-147137,7/4/2016,7/6/2016,First Class,AA-10645,Anna Andreadi,Consumer,United States,San Francisco,California,94109,West,,,,,,,
1828,CA-2016-109344,2/8/2016,2/11/2016,Second Class,CH-12070,Cathy Hwang,Home Office,United States,Raleigh,North Carolina,27604,South,,,,,,,
9196,CA-2014-146843,11/30/2014,12/6/2014,Standard Class,PB-19150,Philip Brown,Consumer,United States,Avondale,Arizona,85323,West,,,,,,,
5046,CA-2016-158694,11/10/2016,11/13/2016,Second Class,AI-10855,Arianne Irving,Consumer,United States,Los Angeles,California,90036,West,,,,,,,
5931,US-2017-169551,7/7/2017,7/9/2017,First Class,RL-19615,Rob Lucas,Consumer,United States,Philadelphia,Pennsylvania,19120,East,,,,,,,
1841,CA-2014-117345,8/1/2014,8/5/2014,Standard Class,BF-10975,Barbara Fisher,Corporate,United States,Charlotte,North Carolina,28205,South,,,,,,,
9958,US-2014-143287,11/11/2014,11/17/2014,Standard Class,KN-16705,Kristina Nunn,Home Office,United States,New Rochelle,New York,10801,East,OFF-PA-10004039,"{'MainCategory': 'Office Supplies', 'SubCategory': 'Paper'}",Xerox 1882,223.92,4,0,109.7208
9491,CA-2017-111738,1/3/2017,1/7/2017,,,,,United States,San Francisco,California,94110,West,OFF-BI-10004584,"{'MainCategory': 'Office Supplies', 'SubCategory': 'Binders'}",GBC ProClick 150 Presentation Binding System,2022.272,8,0.2,682.5168
8670,CA-2015-158918,12/20/2015,12/25/2015,,,,,United States,Los Angeles,California,90036,West,OFF-PA-10004947,"{'MainCategory': 'Office Supplies', 'SubCategory': 'Paper'}",Easy-staple paper,17.12,4,0,7.704
2531,CA-2014-111500,8/17/2014,8/21/2014,Standard Class,DJ-13510,Don Jones,Corporate,United States,Little Rock,Arkansas,72209,South,OFF-PA-10000595,"{'MainCategory': 'Office Supplies', 'SubCategory': 'Paper'}",Xerox 1929,114.2,5,0,52.532
4887,CA-2016-163167,11/28/2016,12/1/2016,Second Class,RF-19345,Randy Ferguson,Corporate,United States,Marietta,Georgia,30062,South,FUR-CH-10004477,"{'MainCategory': 'Furniture', 'SubCategory': 'Chairs'}","Global Push Button Manager's Chair, Indigo",182.67,3,0,52.9743
694,CA-2015-131534,,,,,,,,,,,West,OFF-PA-10000743,"{'MainCategory': 'Office Supplies', 'SubCategory': 'Paper'}",Xerox 1977,33.4,5,0,16.032
660,CA-2015-146563,,,,,,,,,,,Central,OFF-ST-10001490,"{'MainCategory': 'Office Supplies', 'SubCategory': 'Storage'}","Hot File 7-Pocket, Floor Stand",999.432,7,0.2,124.929
8137,CA-2016-118073,,,,,,,,,,,South,FUR-TA-10002533,"{'MainCategory': 'Furniture', 'SubCategory': 'Tables'}",BPI Conference Tables,562.2925,7,0.45,-255.5875
7384,CA-2016-105732,9/13/2016,9/18/2016,Standard Class,AG-10270,Alejandro Grove,Consumer,United States,Omaha,Nebraska,68104,Central,OFF-PA-10002250,"{'MainCategory': 'Office Supplies', 'SubCategory': 'Paper'}",Things To Do Today Pad,17.61,3,0,8.4528
9277,CA-2016-113236,5/26/2016,5/29/2016,Second Class,CP-12085,Cathy Prescott,Corporate,United States,Delray Beach,Florida,33445,South,TEC-AC-10001267,"{'MainCategory': 'Technology', 'SubCategory': 'Accessories'}",Imation 32GB Pocket Pro USB 3.0 Flash Drive - 32 GB - Black - 1 P ...,47.92,2,0.2,11.98
2786,CA-2015-149972,9/21/2015,9/23/2015,First Class,CD-12790,Cynthia Delaney,Home Office,United States,Los Angeles,California,90036,West,FUR-CH-10004997,"{'MainCategory': 'Furniture', 'SubCategory': 'Chairs'}",Hon Every-Day Series Multi-Task Chairs,601.536,4,0.2,0
5390,CA-2017-164707,2/18/2017,2/21/2017,Second Class,CV-12805,Cynthia Voltz,Corporate,,,,,,,,Avery 493,9.82,2,0,4.8118
2245,CA-2017-103380,11/21/2017,11/25/2017,Standard Class,BF-11005,Barry Franz,Home Office,,,,,,,,Advantus T-Pin Paper Clips,9.02,2,0,3.5178
1959,CA-2017-110905,9/10/2017,9/15/2017,Second Class,RW-19690,Robert Waldorf,Consumer,,,,,,,,3M Organizer Strips,16.2,3,0,7.776
5309,CA-2017-131254,11/19/2017,11/21/2017,First Class,NC-18415,Nathan Cano,Consumer,United States,Houston,Texas,77095,Central,FUR-CH-10003774,"{'MainCategory': 'Furniture', 'SubCategory': 'Chairs'}","Global Wood Trimmed Manager's Task Chair, Khaki",191.058,3,0.3,-46.3998
5029,CA-2014-151792,9/2/2014,9/7/2014,Second Class,CV-12295,Christina VanderZanden,Consumer,United States,Chicago,Illinois,60653,Central,TEC-AC-10001606,"{'MainCategory': 'Technology', 'SubCategory': 'Accessories'}",Logitech Wireless Performance Mouse MX for PC and Mac,239.976,3,0.2,53.9946
4883,CA-2017-143567,11/2/2017,11/5/2017,Second Class,TB-21175,Thomas Boland,Corporate,United States,Henderson,Kentucky,42420,South,OFF-ST-10001580,"{'MainCategory': 'Office Supplies', 'SubCategory': 'Storage'}",Super Decoflex Portable Personal File,59.92,4,0,16.7776
7306,CA-2014-137274,3/29/2014,4/2/2014,Standard Class,MG-18145,Mike Gockenbach,Consumer,United States,Plano,Texas,75023,Central,FUR-TA-10001889,"{'MainCategory': 'Furniture', 'SubCategory': 'Tables'}",Bush Advantage Collection Racetrack Conference Table,890.841,3,0.3,-152.7156
624,CA-2015-138009,11/29/2015,12/3/2015,Standard Class,SF-20965,Sylvia Foulston,Corporate,United States,Dearborn,Michigan,48126,Central,OFF-AP-10000179,"{'MainCategory': 'Office Supplies', 'SubCategory': 'Appliances'}",Honeywell Enviracaire Portable HEPA Air Cleaner for up to 10 x 16 Room,555.21,5,0.1,178.901
3108,CA-2016-121671,7/17/2016,7/22/2016,Standard Class,AA-10480,Andrew Allen,Consumer,United States,Springfield,Missouri,65807,Central,OFF-PA-10001471,"{'MainCategory': 'Office Supplies', 'SubCategory': 'Paper'}",Strathmore Photo Frame Cards,21.93,3,0,10.0878
3152,CA-2015-147830,12/15/2015,12/18/2015,First Class,NF-18385,Natalie Fritzler,Consumer,United States,Newark,Ohio,43055,East,TEC-MA-10000418,"{'MainCategory': 'Technology', 'SubCategory': 'Machines'}",Cubify CubeX 3D Printer Double Head Print,1799.994,2,0.7,-2639.9912
4372,US-2016-165078,11/5/2016,11/10/2016,Standard Class,MA-17995,Michelle Arnett,Home Office,United States,Lawrence,Indiana,46226,Central,OFF-LA-10000414,"{'MainCategory': 'Office Supplies', 'SubCategory': 'Labels'}",Avery 503,51.75,5,0,24.84
2951,CA-2017-134915,11/12/2017,11/12/2017,Same Day,EM-14140,Eugene Moren,Home Office,United States,Glendale,Arizona,85301,West,OFF-PA-10002160,"{'MainCategory': 'Office Supplies', 'SubCategory': 'Paper'}",Xerox 1978,23.12,5,0.2,8.381
1296,CA-2015-138898,5/25/2015,5/29/2015,Standard Class,JH-16180,,,,,,,,,,,,13,0.2,84.5728
8589,CA-2015-138492,5/15/2015,5/22/2015,Standard Class,FC-14335,,,,,,,,,,,,2,0.2,-10.3936
2856,CA-2017-169810,7/25/2017,7/31/2017,Standard Class,RB-19360,,,,,,,,,,,,7,0,9.5081
3630,CA-2017-155957,11/26/2017,11/30/2017,Standard Class,CC-12610,,,,,,,,,,,,3,0.2,9.801
8816,CA-2015-144274,11/23/2015,11/25/2015,Second Class,PW-19240,Pierre Wener,Consumer,United States,Wilmington,Delaware,19805,East,OFF-PA-10001583,"{'MainCategory': 'Office Supplies', 'SubCategory': 'Paper'}","1/4 Fold Party Design Invitations & White Envelopes, 24 8-1/2"" X 11"" Cards, 25 Env./Pack",44.1,6,0,20.727
2717,CA-2017-128475,8/26/2017,9/1/2017,Standard Class,SC-20680,Steve Carroll,Home Office,United States,Columbus,Georgia,31907,South,TEC-AC-10000158,"{'MainCategory': 'Technology', 'SubCategory': 'Accessories'}",Sony 64GB Class 10 Micro SDHC R40 Memory Card,71.98,2,0,15.1158
3240,US-2016-127971,11/20/2016,11/27/2016,Standard Class,DW-13195,David Wiener,Corporate,United States,Houston,Texas,77095,Central,TEC-PH-10003095,"{'MainCategory': 'Technology', 'SubCategory': 'Phones'}",Samsung HM1900 Bluetooth Headset,122.92,7,0.2,46.095
8069,US-2015-160563,10/20/2015,10/24/2015,Standard Class,NS-18640,Noel Staavos,Corporate,United States,San Francisco,California,94109,West,FUR-FU-10001731,"{'MainCategory': 'Furniture', 'SubCategory': 'Furnishings'}",Acrylic Self-Standing Desk Frames,16.02,6,0,6.0876
2780,CA-2017-108322,4/30/2017,5/5/2017,Standard Class,SS-20140,Saphhira Shifley,Corporate,United States,Pompano Beach,Florida,33068,South,TEC-AC-10003433,"{'MainCategory': 'Technology', 'SubCategory': 'Accessories'}",Maxell 4.7GB DVD+R 5/Pack,2.376,3,0.2,0.7425
1795,CA-2016-140774,9/5/2016,9/10/2016,Standard Class,BE-11455,Brad Eason,Home Office,United States,Olathe,Kansas,66062,Central,OFF-AR-10004022,"{'MainCategory': 'Office Supplies', 'SubCategory': 'Art'}",Panasonic KP-380BK Classic Electric Pencil Sharpener,107.94,3,0,26.985
5279,CA-2014-159681,12/7/2014,12/13/2014,Standard Class,PO-18850,Patrick O'Brill,Consumer,United States,Virginia Beach,,,,,,Xerox 1909,105.52,4,0,48.5392
,,,,,,,Consumer,United States,San Francisco,,,,,,Avery 498,5.78,2,0,2.7166
,,,,,,,Corporate,United States,New York City,,,,,,Space Solutions Industrial Galvanized Steel Shelving.,78.8,1,0,1.576
,,,,,,,Consumer,United States,Seattle,,,,,,Memorex Mini Travel Drive 64 GB USB 2.0 Flash Drive,144.96,4,0,60.8832
,,,,,,,Consumer,United States,Dallas,,,,,,Logitech K350 2.4Ghz Wireless Keyboard,119.448,3,0.2,-13.4379
,,,,,,,Consumer,United States,Quincy,,,,,,Accohide Poly Flexible Ring Binders,2.992,4,0.8,-4.488
,,,,,,,Consumer,United States,Pasadena,,,,,,GBC Plastic Binding Combs,17.712,3,0.2,6.4206
5968,CA-2016-166912,1/15/2016,1/17/2016,First Class,BE-11335,Bill Eplett,Home Office,United States,New York City,,,,,,Xerox 1893,81.98,2,0,40.1702
3481,CA-2016-131289,12/8/2016,12/14/2016,Standard Class,SP-20620,Stefania Perrino,Corporate,United States,San Francisco,California,94110,West,FUR-TA-10003954,"{'MainCategory': 'Furniture', 'SubCategory': 'Tables'}",Hon 94000 Series Round Tables,1421.664,6,0.2,-195.4788
5187,US-2015-154389,11/27/2015,12/3/2015,Standard Class,EH-14125,Eugene Hildebrand,Home Office,United States,Philadelphia,Pennsylvania,19140,East,TEC-PH-10002789,"{'MainCategory': 'Technology', 'SubCategory': 'Phones'}",LG Exalt,748.752,8,0.4,-162.2296
3667,CA-2014-129364,12/8/2014,12/13/2014,Standard Class,TB-21250,Tim Brockman,Consumer,United States,Salem,Oregon,97301,West,TEC-PH-10003095,"{'MainCategory': 'Technology', 'SubCategory': 'Phones'}",Samsung HM1900 Bluetooth Headset,52.68,3,0.2,19.755
5185,CA-2017-163335,9/24/2017,9/27/2017,First Class,AG-10675,Anna Gayman,Consumer,United States,Columbus,Georgia,31907,South,OFF-BI-10002827,"{'MainCategory': 'Office Supplies', 'SubCategory': 'Binders'}",Avery Durable Poly Binders,38.71,7,0,17.8066
3923,CA-2017-146920,8/28/2017,9/1/2017,Standard Class,SC-20305,Sean Christensen,Consumer,United States,Chicago,Illinois,60623,Central,OFF-PA-10002479,"{'MainCategory': 'Office Supplies', 'SubCategory': 'Paper'}",Xerox 4200 Series MultiUse Premium Copy Paper (20Lb. and 84 Bright),25.344,6,0.2,7.92
4496,CA-2017-112753,6/18/2017,6/23/2017,Standard Class,CC-12670,Craig Carreira,Consumer,United States,Los Angeles,California,90032,West,FUR-BO-10004015,"{'MainCategory': 'Furniture', 'SubCategory': 'Bookcases'}","Bush Andora Bookcase, Maple/Graphite Gray Finish",917.9235,9,0.15,75.5937
9568,CA-2014-130428,3/31/2014,3/31/2014,Same Day,TG-21640,Trudy Glocke,Consumer,United States,Tampa,Florida,33614,South,OFF-AR-10004027,"{'MainCategory': 'Office Supplies', 'SubCategory': 'Art'}","Binney & Smith inkTank Erasable Desk Highlighter, Chisel Tip, Yellow, 12/Box",4.032,2,0.2,1.0584
5990,CA-2016-163776,,,,,,,,,,39401,South,FUR-BO-10003546,"{'MainCategory': 'Furniture', 'SubCategory': 'Bookcases'}",Hon 4-Shelf Metal Bookcases,504.9,5,0,126.225
4422,CA-2014-117016,,,,,,,,,,33063,South,OFF-AR-10001374,"{'MainCategory': 'Office Supplies', 'SubCategory': 'Art'}","BIC Brite Liner Highlighters, Chisel Tip",15.552,3,0.2,2.3328
4124,CA-2017-133823,,,,,,,,,,98103,West,OFF-BI-10000962,"{'MainCategory': 'Office Supplies', 'SubCategory': 'Binders'}","Acco Flexible ACCOHIDE Square Ring Data Binder, Dark Blue, 11 1/2"" X 14"" 7/8""",26.032,2,0.2,9.4366
9330,CA-2015-164497,,,,,,,,,,94110,West,OFF-AP-10004655,"{'MainCategory': 'Office Supplies', 'SubCategory': 'Appliances'}","Holmes Visible Mist Ultrasonic Humidifier with 2.3-Gallon Output per Day, Replacement Filter",45.28,4,0,15.3952
6609,CA-2016-148852,,,,,,,,,,92704,West,TEC-MA-10002428,"{'MainCategory': 'Technology', 'SubCategory': 'Machines'}",Fellowes Powershred HS-440 4-Sheet High Security Shredder,371.976,3,0.2,116.2425
4919,CA-2016-160304,1/2/2016,1/7/2016,Standard Class,BM-11575,Brendan Murry,Corporate,United States,Gaithersburg,Maryland,20877,East,FUR-BO-10004709,"{'MainCategory': 'Furniture', 'SubCategory': 'Bookcases'}","Bush Westfield Collection Bookcases, Medium Cherry Finish",173.94,3,0,38.2668
3883,CA-2015-129896,6/15/2015,6/20/2015,Standard Class,PF-19120,Peter Fuller,Consumer,United States,Gilbert,Arizona,85234,West,FUR-FU-10004904,"{'MainCategory': 'Furniture', 'SubCategory': 'Furnishings'}","Eldon ""L"" Workstation Diamond Chairmat",364.704,6,0.2,-36.4704
8620,CA-2017-132437,9/8/2017,9/13/2017,Second Class,EM-14095,Eudokia Martin,Corporate,United States,New York City,New York,10024,East,OFF-ST-10001031,"{'MainCategory': 'Office Supplies', 'SubCategory': 'Storage'}",Adjustable Personal File Tote,65.12,4,0,16.9312
6312,CA-2014-112837,9/11/2014,9/16/2014,Standard Class,LW-17125,Liz Willingham,Consumer,United States,Oxnard,California,93030,West,FUR-FU-10004006,"{'MainCategory': 'Furniture', 'SubCategory': 'Furnishings'}","Deflect-o DuraMat Lighweight, Studded, Beveled Mat for Low Pile Carpeting",127.95,3,0,21.7515
2662,CA-2017-123372,11/28/2017,12/2/2017,Standard Class,DG-13300,Deirdre Greer,,,,,,,,,,,2,0,35.982
5191,US-2017-136679,11/14/2017,11/18/2017,Standard Class,XP-21865,Xylona Preis,,,,,,,,,,,2,0.2,4.504
8790,CA-2017-126914,6/15/2017,6/19/2017,Standard Class,JE-15715,Joe Elijah,,,,,,,,,,,2,0.2,-3.8864
5631,CA-2014-127614,2/11/2014,2/15/2014,Standard Class,NF-18385,Natalie Fritzler,,,,,,,,,,,3,0,103.158
7530,US-2017-106145,9/26/2017,9/26/2017,Same Day,RA-19885,Ruben Ausman,Corporate,United States,San Francisco,California,94109,West,OFF-BI-10002215,"{'MainCategory': 'Office Supplies', 'SubCategory': 'Binders'}","Wilson Jones Hanging View Binder, White, 1""",17.04,3,0.2,5.538
8641,US-2017-148551,1/12/2017,1/16/2017,Standard Class,DB-13120,David Bremer,Corporate,United States,Dallas,Texas,75217,Central,OFF-BI-10000545,"{'MainCategory': 'Office Supplies', 'SubCategory': 'Binders'}",GBC Ibimaster 500 Manual ProClick Binding System,760.98,5,0.8,-1141.47
1700,CA-2014-135657,6/3/2014,6/7/2014,Second Class,SC-20725,Steven Cartwright,Consumer,United States,Seattle,Washington,98115,West,FUR-TA-10004086,"{'MainCategory': 'Furniture', 'SubCategory': 'Tables'}",KI Adjustable-Height Table,515.88,6,0,113.4936
4491,CA-2017-105921,8/14/2017,8/21/2017,Standard Class,JM-15250,Janet Martin,Consumer,United States,Los Angeles,California,90032,West,FUR-TA-10001095,"{'MainCategory': 'Furniture', 'SubCategory': 'Tables'}",Chromcraft Round Conference Tables,418.296,3,0.2,5.2287
2627,CA-2017-127180,10/22/2017,10/24/2017,First Class,TA-21385,Tom Ashbrook,Home Office,United States,New York City,New York,10024,East,TEC-PH-10003800,"{'MainCategory': 'Technology', 'SubCategory': 'Phones'}",i.Sound Portable Power - 8000 mAh,52.99,1,0,0.5299
7614,US-2015-130491,2/8/2015,2/11/2015,First Class,BH-11710,Brosina Hoffman,Consumer,United States,Garden City,Kansas,67846,Central,OFF-AR-10001149,,,,,0,1.728
5864,CA-2016-101525,5/1/2016,5/4/2016,Second Class,CM-12235,Chris McAfee,Consumer,United States,Little Rock,Arkansas,72209,South,OFF-AR-10000716,,,,,0,4.3524
7564,CA-2017-157672,10/5/2017,10/7/2017,First Class,RB-19795,Ross Baird,Home Office,United States,Denver,Colorado,80219,West,TEC-AC-10001714,,,,,0.2,13.5626
1312,CA-2016-141082,12/9/2016,12/13/2016,Standard Class,FM-14380,Fred McMath,Consumer,United States,Lawrence,Massachusetts,1841,East,OFF-LA-10001404,,,,,0,1.7343
6627,CA-2014-145541,12/14/2014,12/21/2014,Standard Class,TB-21400,Tom Boeckenhauer,Consumer,United States,New York City,New York,10024,East,TEC-MA-10001127,,,,,0,2239.9872
1214,,,,,,,,,,Pennsylvania,19134,East,OFF-BI-10002432,,,,,0.7,-2.3276
5124,,,,,,,,,,Louisiana,70506,South,OFF-PA-10002195,,,,,0,6.3504
7982,,,,,,,,,,New Jersey,7011,East,OFF-AP-10004532,,,,,0,22.1184
1716,,,,,,,,,,New York,10011,East,OFF-BI-10003314,"{'MainCategory': 'Office Supplies', 'SubCategory': 'Binders'}",Tuff Stuff Recycled Round Ring Binders,7.712,2,0.2,2.7956
2954,,,,,,,,,,Arizona,85301,West,TEC-PH-10000347,"{'MainCategory': 'Technology', 'SubCategory': 'Phones'}",Cush Cases Heavy Duty Rugged Cover Case for Samsung Galaxy S5 - Purple,7.92,2,0.2,0.693
7902,CA-2017-128363,8/13/2017,8/18/2017,Standard Class,DC-12850,Dan Campbell,Consumer,United States,Memphis,Tennessee,38109,South,FUR-FU-10003268,"{'MainCategory': 'Furniture', 'SubCategory': 'Furnishings'}",Eldon Radial Chair Mat for Low to Medium Pile Carpets,31.984,1,0.2,0
3443,CA-2017-168858,11/19/2017,11/23/2017,Standard Class,JD-16150,Justin Deggeller,Corporate,United States,New York City,New York,10011,East,OFF-EN-10001415,"{'MainCategory': 'Office Supplies', 'SubCategory': 'Envelopes'}",Staple envelope,16.74,3,0,8.37
2380,CA-2016-118052,5/6/2016,5/10/2016,Standard Class,BE-11455,Brad Eason,Home Office,United States,Lorain,Ohio,44052,East,OFF-FA-10004248,"{'MainCategory': 'Office Supplies', 'SubCategory': 'Fasteners'}",Advantus T-Pin Paper Clips,7.216,2,0.2,1.7138
8778,CA-2016-102813,7/2/2016,7/3/2016,First Class,EA-14035,Erin Ashbrook,Corporate,United States,Huntsville,Texas,77340,Central,OFF-PA-10000520,"{'MainCategory': 'Office Supplies', 'SubCategory': 'Paper'}",Xerox 201,41.472,8,0.2,14.5152
9400,CA-2016-103128,11/11/2016,11/15/2016,Standard Class,SC-20845,Sung Chung,Consumer,United States,Arlington Heights,Illinois,60004,Central,OFF-AR-10003394,"{'MainCategory': 'Office Supplies', 'SubCategory': 'Art'}",Newell 332,14.112,6,0.2,1.2348
5689,CA-2014-131541,7/28/2014,,,,,,,,,32712,South,OFF-EN-10000781,"{'MainCategory': 'Office Supplies', 'SubCategory': 'Envelopes'}","#10- 4 1/8"" x 9 1/2"" Recycled Envelopes",48.944,7,0.2,16.5186
2462,CA-2015-142419,7/11/2015,,,,,,,,,98115,West,OFF-BI-10001597,"{'MainCategory': 'Office Supplies', 'SubCategory': 'Binders'}","Wilson Jones Ledger-Size, Piano-Hinge Binder, 2"", Blue",98.352,3,0.2,34.4232
712,CA-2017-146136,9/3/2017,9/7/2017,Standard Class,AP-10915,Arthur Prichep,Consumer,United States,Palm Coast,Florida,32137,South,OFF-EN-10001219,"{'MainCategory': 'Office Supplies', 'SubCategory': 'Envelopes'}","#10- 4 1/8"" x 9 1/2"" Security-Tint Envelopes",24.448,4,0.2,8.8624
7106,CA-2017-128944,6/19/2017,6/21/2017,Second Class,KH-16330,Katharine Harms,Corporate,United States,Newark,Ohio,43055,East,FUR-FU-10004909,"{'MainCategory': 'Furniture', 'SubCategory': 'Furnishings'}",Contemporary Wood/Metal Frame,38.784,3,0.2,7.272
6518,US-2017-116652,9/15/2017,9/19/2017,Standard Class,RD-19480,Rick Duston,Consumer,United States,San Francisco,California,94122,West,OFF-AR-10001915,"{'MainCategory': 'Office Supplies', 'SubCategory': 'Art'}",Peel-Off China Markers,99.3,10,0,41.706
4741,CA-2017-164364,11/12/2017,11/16/2017,Standard Class,CS-12355,Christine Sundaresam,Consumer,United States,Seattle,Washington,98115,West,OFF-LA-10004853,"{'MainCategory': 'Office Supplies', 'SubCategory': 'Labels'}",Avery 483,9.96,2,0,4.5816
9359,CA-2016-168046,1/25/2016,1/28/2016,Second Class,JD-15895,Jonathan Doherty,Corporate,United States,New York City,New York,10024,East,FUR-TA-10001095,"{'MainCategory': 'Furniture', 'SubCategory': 'Tables'}",Chromcraft Round Conference Tables,313.722,3,0.4,-99.3453
5162,CA-2014-111192,7/30/2014,8/5/2014,Standard Class,TS-21430,Tom Stivers,Corporate,United States,Seattle,Washington,98103,West,FUR-BO-10002916,"{'MainCategory': 'Furniture', 'SubCategory': 'Bookcases'}","Rush Hierlooms Collection 1"" Thick Stackable Bookcases",1367.84,8,0,259.8896
9462,CA-2014-100867,10/19/2014,10/24/2014,Standard Class,EH-14125,Eugene Hildebrand,Home Office,United States,Lakewood,California,90712,West,TEC-PH-10004922,"{'MainCategory': 'Technology', 'SubCategory': 'Phones'}",RCA Visys Integrated PBX 8-Line Router,321.552,6,0.2,20.097
3374,CA-2015-161718,12/4/2015,12/10/2015,Standard Class,SO-20335,Sean O'Donnell,Consumer,United States,Hempstead,New York,11550,East,FUR-FU-10002445,"{'MainCategory': 'Furniture', 'SubCategory': 'Furnishings'}","DAX Two-Tone Rosewood/Black Document Frame, Desktop, 5 x 7",28.44,3,0,11.376
3233,US-2017-156356,4/16/2017,4/22/2017,Standard Class,ND-18370,Natalie DeCherney,Consumer,United States,Houston,Texas,77095,Central,OFF-BI-10001107,"{'MainCategory': 'Office Supplies', 'SubCategory': 'Binders'}","GBC White Gloss Covers, Plain Front",2.896,1,0.8,-4.7784
855,CA-2016-123274,2/19/2016,2/24/2016,Standard Class,GT-14710,Greg Tran,,,,,,,,,,242.94,3,0,9.7176
899,CA-2017-160983,10/29/2017,10/31/2017,Second Class,GB-14530,George Bell,,,,,,,,,,46.96,8,0,22.5408
4783,CA-2014-159310,11/7/2014,11/12/2014,Standard Class,SC-20725,Steven Cartwright,,,,,,,,,,40.712,7,0.2,3.5623
494,CA-2016-169166,5/9/2016,5/14/2016,Standard Class,SS-20590,Sonia Sunley,,,,,,,,,,93.98,2,0,13.1572
9415,CA-2015-127824,10/18/2015,10/22/2015,Standard Class,JC-15775,John Castell,Consumer,United States,Seattle,Washington,98115,West,TEC-PH-10004094,"{'MainCategory': 'Technology', 'SubCategory': 'Phones'}",Motorola L703CM,249.584,2,0.2,15.599
2385,US-2017-117534,,,,,,Consumer,United States,Fresno,California,93727,West,OFF-BI-10002026,"{'MainCategory': 'Office Supplies', 'SubCategory': 'Binders'}",Avery Arch Ring Binders,185.92,4,0.2,62.748
4635,CA-2015-130456,,,,,,Corporate,United States,San Francisco,California,94122,West,OFF-ST-10000736,"{'MainCategory': 'Office Supplies', 'SubCategory': 'Storage'}",Carina Double Wide Media Storage Towers in Natural & Black,80.98,1,0,3.2392
3633,CA-2017-132178,,,,,,Corporate,United States,Los Angeles,California,90004,West,OFF-ST-10000025,"{'MainCategory': 'Office Supplies', 'SubCategory': 'Storage'}",Fellowes Stor/Drawer Steel Plus Storage Drawers,763.44,8,0,45.8064
1180,CA-2016-168081,,,,,,Home Office,United States,Houston,Texas,77070,Central,TEC-AC-10003174,"{'MainCategory': 'Technology', 'SubCategory': 'Accessories'}",Plantronics S12 Corded Telephone Headset System,258.696,3,0.2,64.674
301,CA-2016-142545,,,,,,Corporate,United States,Belleville,New Jersey,7109,East,OFF-PA-10004243,"{'MainCategory': 'Office Supplies', 'SubCategory': 'Paper'}",Xerox 1939,56.91,3,0,27.3168
4299,CA-2017-129021,8/23/2017,8/26/2017,Second Class,PO-18850,Patrick O'Brill,Consumer,United States,Tallahassee,Florida,32303,South,OFF-PA-10000241,"{'MainCategory': 'Office Supplies', 'SubCategory': 'Paper'}","IBM Multi-Purpose Copy Paper, 8 1/2 x 11"", Case",49.568,2,0.2,15.49
4817,CA-2014-139598,12/26/2014,12/31/2014,Standard Class,MG-17695,Maureen Gnade,Consumer,United States,Philadelphia,Pennsylvania,19134,East,OFF-AP-10002998,"{'MainCategory': 'Office Supplies', 'SubCategory': 'Appliances'}",Holmes 99% HEPA Air Purifier,,,,5.6316
5483,CA-2017-105487,10/8/2017,10/14/2017,Standard Class,CS-12250,Chris Selesnick,Corporate,United States,San Diego,California,92105,West,TEC-AC-10003610,"{'MainCategory': 'Technology', 'SubCategory': 'Accessories'}",Logitech Illuminated - Keyboard,,,,115.1808
7928,CA-2017-120404,11/20/2017,11/24/2017,Second Class,KH-16330,Katharine Harms,Corporate,United States,New York City,New York,10035,East,TEC-PH-10001363,"{'MainCategory': 'Technology', 'SubCategory': 'Phones'}",Apple iPhone 5S,,,,170.997
1421,CA-2015-124800,9/26/2015,9/30/2015,Standard Class,RW-19540,Rick Wilson,Corporate,United States,Mesa,Arizona,85204,West,OFF-BI-10000778,"{'MainCategory': 'Office Supplies', 'SubCategory': 'Binders'}",GBC VeloBinder Electric Binding Machine,,,,-48.392
6015,CA-2016-159016,3/10/2016,3/11/2016,First Class,KF-16285,Karen Ferguson,,United States,Los Angeles,California,90008,West,TEC-PH-10002885,"{'MainCategory': 'Technology', 'SubCategory': 'Phones'}",Apple iPhone 5,,,,363.9048
9477,CA-2015-100818,5/31/2015,6/5/2015,Second Class,JM-15265,Janet Molinari,Corporate,,,,,,FUR-FU-10002703,"{'MainCategory': 'Furniture', 'SubCategory': 'Furnishings'}","Tenex Traditional Chairmats for Hard Floors, Average Lip, 36"" x 48""",,,,-61.872
6173,US-2014-106299,8/2/2014,8/8/2014,Standard Class,NZ-18565,Nick Zandusky,Home Office,,,,,,OFF-BI-10001758,"{'MainCategory': 'Office Supplies', 'SubCategory': 'Binders'}",Wilson Jones 14 Line Acrylic Coated Pressboard Data Binders,26.7,5,0,12.549
4579,CA-2015-110947,6/9/2015,6/15/2015,Standard Class,AG-10765,Anthony Garverick,Home Office,,,,,,OFF-BI-10001670,"{'MainCategory': 'Office Supplies', 'SubCategory': 'Binders'}",Vinyl Sectional Post Binders,113.1,3,0,56.55
5164,CA-2015-161627,7/6/2015,,,SJ-20215,Sarah Jordon,Consumer,,,,,,FUR-CH-10003968,"{'MainCategory': 'Furniture', 'SubCategory': 'Chairs'}",Novimex Turbo Task Chair,170.352,3,0.2,-17.0352
1011,CA-2014-158540,11/24/2014,,,VG-21790,Vivek Gonzalez,Consumer,,,,,,FUR-FU-10001602,"{'MainCategory': 'Furniture', 'SubCategory': 'Furnishings'}","Eldon Delta Triangular Chair Mat, 52"" x 58"", Clear",151.72,4,0,27.3096
6249,CA-2017-121580,5/29/2017,,,ML-17410,Maris LaWare,Consumer,United States,Columbus,Indiana,47201,Central,FUR-FU-10003981,"{'MainCategory': 'Furniture', 'SubCategory': 'Furnishings'}",Eldon Wave Desk Accessories,6.24,3,0,2.6208
7194,CA-2016-110492,2/12/2016,,,JS-15880,John Stevenson,Consumer,United States,Atlanta,Georgia,30318,South,OFF-ST-10003716,"{'MainCategory': 'Office Supplies', 'SubCategory': 'Storage'}",Tennsco Double-Tier Lockers,1350.12,6,0,175.5156
7235,CA-2016-137337,3/8/2016,,,GB-14575,Giulietta Baptist,Consumer,United States,New York City,New York,10011,East,OFF-PA-10001934,"{'MainCategory': 'Office Supplies', 'SubCategory': 'Paper'}",Xerox 1993,12.96,2,0,6.3504
5171,CA-2016-122903,5/27/2016,5/29/2016,Second Class,LA-16780,Laura Armstrong,Corporate,United States,Detroit,Michigan,48205,Central,FUR-CH-10002024,"{'MainCategory': 'Furniture', 'SubCategory': 'Chairs'}",HON 5400 Series Task Chairs for Big and Tall,3504.9,5,0,700.98
7718,CA-2015-149636,1/6/2015,1/12/2015,Standard Class,SP-20620,Stefania Perrino,Corporate,United States,Colorado Springs,Colorado,80906,West,OFF-BI-10002764,"{'MainCategory': 'Office Supplies', 'SubCategory': 'Binders'}",Recycled Pressboard Report Cover with Reinforced Top Hinge,1.938,2,0.7,-1.3566
5929,CA-2014-114314,10/11/2014,10/15/2014,Standard Class,DB-13555,Dorothy Badders,Corporate,United States,Fayetteville,Arkansas,72701,South,FUR-FU-10002107,"{'MainCategory': 'Furniture', 'SubCategory': 'Furnishings'}",Eldon Pizzaz Desk Accessories,8.92,4,0,3.9248
3138,CA-2017-164168,11/12/2017,11/18/2017,Standard Class,LS-16975,Lindsay Shagiari,Home Office,United States,Dallas,Texas,75081,,,,,,,,4.4312
8366,CA-2017-157273,1/30/2017,2/2/2017,First Class,SZ-20035,Sam Zeldin,Home Office,United States,Seattle,Washington,98105,,,,,,,,60.4768
3375,CA-2015-161718,12/4/2015,12/10/2015,Standard Class,SO-20335,Sean O'Donnell,Consumer,United States,Hempstead,New York,11550,,,,,,,,8.098
5750,CA-2017-104913,11/18/2017,11/22/2017,Standard Class,DK-13090,Dave Kipp,Consumer,United States,Long Beach,New York,11561,,,,,,,,36.7255
6794,CA-2015-145394,11/16/2015,11/20/2015,Standard Class,MC-17605,Matt Connell,Corporate,United States,Chicago,Illinois,60610,,,,,,,,1.6116
9784,CA-2015-149748,5/31/2015,6/2/2015,Second Class,EM-13825,Elizabeth Moffitt,Corporate,United States,Paterson,New Jersey,7501,,,,,,,,16.7886
4760,CA-2014-121573,11/3/2014,11/7/2014,Standard Class,SG-20605,Speros Goranitis,Consumer,United States,New York City,New York,10009,,,,,,,,18.336
6859,CA-2017-128965,4/17/2017,4/22/2017,Standard Class,PS-18760,Pamela Stobb,Consumer,United States,Los Angeles,California,90008,,,,,,,,3.4686
5956,CA-2014-155796,11/11/2014,11/15/2014,Second Class,TS-21430,Tom Stivers,Corporate,United States,Reading,Pennsylvania,19601,,,,,,,,-250.5408
5448,US-2016-127425,8/26/2016,8/31/2016,Standard Class,DR-12880,Dan Reichenbach,Corporate,United States,New York City,New York,10035,East,TEC-AC-10002800,"{'MainCategory': 'Technology', 'SubCategory': 'Accessories'}",Plantronics Audio 478 Stereo USB Headset,249.95,5,0,87.4825
3852,CA-2015-127593,9/21/2015,9/21/2015,,,,,,,,,East,FUR-FU-10004006,"{'MainCategory': 'Furniture', 'SubCategory': 'Furnishings'}","Deflect-o DuraMat Lighweight, Studded, Beveled Mat for Low Pile Carpeting",85.3,2,0,14.501
7239,CA-2016-101651,12/24/2016,12/30/2016,,,,,,,,,West,FUR-FU-10000771,"{'MainCategory': 'Furniture', 'SubCategory': 'Furnishings'}","Eldon 200 Class Desk Accessories, Smoke",43.96,7,0,18.4632
7180,US-2016-144351,11/14/2016,11/18/2016,,,,,,,,,East,TEC-PH-10001644,"{'MainCategory': 'Technology', 'SubCategory': 'Phones'}","BlueLounge Milo Smartphone Stand, White/Metallic",89.97,3,0,25.1916
1059,CA-2017-167150,12/10/2017,12/17/2017,,,,,,,,,West,OFF-BI-10001597,"{'MainCategory': 'Office Supplies', 'SubCategory': 'Binders'}","Wilson Jones Ledger-Size, Piano-Hinge Binder, 2"", Blue",65.568,2,0.2,22.9488
9202,CA-2016-152688,10/17/2016,10/20/2016,,,,,,,,,East,OFF-BI-10004584,"{'MainCategory': 'Office Supplies', 'SubCategory': 'Binders'}",GBC ProClick 150 Presentation Binding System,315.98,1,0,148.5106
9555,CA-2015-111612,11/28/2015,12/2/2015,,,,,,,,,East,FUR-FU-10003799,"{'MainCategory': 'Furniture', 'SubCategory': 'Furnishings'}","Seth Thomas 13 1/2"" Wall Clock",71.12,5,0.2,9.779
2321,CA-2017-165491,3/20/2017,3/24/2017,Standard Class,HW-14935,Helen Wasserman,Corporate,United States,Seattle,Washington,98115,West,TEC-AC-10000358,"{'MainCategory': 'Technology', 'SubCategory': 'Accessories'}",Imation Secure Drive + Hardware Encrypted USB flash drive - 16 GB,265.93,7,0,63.8232
5698,CA-2017-126123,10/14/2017,10/18/2017,Standard Class,AG-10765,Anthony Garverick,Home Office,United States,Chicago,Illinois,60623,Central,OFF-BI-10004224,"{'MainCategory': 'Office Supplies', 'SubCategory': 'Binders'}",Catalog Binders with Expanding Posts,13.456,1,0.8,-23.548
7132,CA-2017-141439,11/26/2017,12/1/2017,Standard Class,TT-21460,Tonja Turnell,Home Office,United States,Richmond,Indiana,47374,Central,FUR-TA-10001039,"{'MainCategory': 'Furniture', 'SubCategory': 'Tables'}",KI Adjustable-Height Table,257.94,3,0,67.0644
5195,CA-2014-101560,11/28/2014,12/1/2014,Second Class,CS-12250,Chris Selesnick,Corporate,United States,Columbia,South Carolina,29203,South,OFF-AR-10004757,"{'MainCategory': 'Office Supplies', 'SubCategory': 'Art'}",Crayola Colored Pencils,13.12,4,0,4.3296
,,,,First Class,LW-16825,Laurel Workman,Corporate,United States,New York City,New York,10024,East,TEC-PH-10003505,"{'MainCategory': 'Technology', 'SubCategory': 'Phones'}",Geemarc AmpliPOWER60,464,5,0,134.56
,,,,Standard Class,JF-15490,Jeremy Farry,Consumer,United States,New York City,New York,10009,East,FUR-CH-10001545,"{'MainCategory': 'Furniture', 'SubCategory': 'Chairs'}",Hon Comfortask Task/Swivel Chairs,205.164,2,0.1,13.6776
,,,,Standard Class,GG-14650,Greg Guthrie,Corporate,United States,Los Angeles,California,90049,West,OFF-BI-10004209,"{'MainCategory': 'Office Supplies', 'SubCategory': 'Binders'}","Fellowes Twister Kit, Gray/Clear, 3/pkg",19.296,3,0.2,6.03
,,,,First Class,NW-18400,Natalie Webber,Consumer,United States,Portland,Oregon,97206,West,TEC-MA-10003337,"{'MainCategory': 'Technology', 'SubCategory': 'Machines'}",Okidata B401 Printer,179.991,3,0.7,-251.9874
,,,,Standard Class,RH-19495,Rick Hansen,Consumer,United States,Orlando,Florida,32839,South,OFF-PA-10000223,"{'MainCategory': 'Office Supplies', 'SubCategory': 'Paper'}",Xerox 2000,20.736,4,0.2,7.2576
,,,,Standard Class,LW-17215,Luke Weiss,Consumer,United States,Grand Rapids,Michigan,49505,Central,OFF-BI-10000088,"{'MainCategory': 'Office Supplies', 'SubCategory': 'Binders'}",GBC Imprintable Covers,54.9,5,0,26.901
,,,,Second Class,MN-17935,Michael Nguyen,Consumer,United States,New York City,New York,10009,East,TEC-PH-10002310,"{'MainCategory': 'Technology', 'SubCategory': 'Phones'}",Plantronics Calisto P620-M USB Wireless Speakerphone System,979.95,5,0,264.5865
,,,,First Class,MC-17845,Michael Chen,Consumer,United States,Jackson,Mississippi,39212,South,OFF-LA-10001934,"{'MainCategory': 'Office Supplies', 'SubCategory': 'Labels'}",Avery 516,14.62,2,0,6.8714
,,,,Second Class,SB-20290,Sean Braxton,Corporate,United States,Houston,Texas,77036,Central,TEC-MA-10000822,"{'MainCategory': 'Technology', 'SubCategory': 'Machines'}",Lexmark MX611dhe Monochrome Laser Printer,3059.982,3,0.4,-509.997
7008,CA-2015-154823,8/21/2015,8/25/2015,Standard Class,KN-16390,Katherine Nockton,Corporate,United States,Springfield,Ohio,45503,East,OFF-BI-10001098,"{'MainCategory': 'Office Supplies', 'SubCategory': 'Binders'}",Acco D-Ring Binder w/DublLock,12.828,2,0.7,-8.9796
2845,US-2016-162852,12/27/2016,12/31/2016,Standard Class,BG-11695,Brooke Gillingham,Corporate,United States,Woodstock,Illinois,60098,Central,FUR-CH-10004853,"{'MainCategory': 'Furniture', 'SubCategory': 'Chairs'}","Global Manager's Adjustable Task Chair, Storm",845.488,8,0.3,-12.0784
2119,CA-2017-155460,4/13/2017,4/15/2017,First Class,RW-19630,Rob Williams,Corporate,United States,Seattle,Washington,98105,West,OFF-PA-10002479,"{'MainCategory': 'Office Supplies', 'SubCategory': 'Paper'}",Xerox 4200 Series MultiUse Premium Copy Paper (20Lb. and 84 Bright),5.28,1,0,2.376
6799,CA-2015-168809,8/25/2015,8/25/2015,Same Day,MC-18100,Mick Crebagga,Consumer,United States,Houston,Texas,77041,Central,FUR-FU-10002240,"{'MainCategory': 'Furniture', 'SubCategory': 'Furnishings'}",Nu-Dell EZ-Mount Plastic Wall Frames,7.88,5,0.6,-3.94
5399,CA-2016-163202,9/27/2016,10/2/2016,Standard Class,BM-11650,Brian Moss,Corporate,United States,Lancaster,Ohio,43130,East,OFF-BI-10002764,"{'MainCategory': 'Office Supplies', 'SubCategory': 'Binders'}",Recycled Pressboard Report Cover with Reinforced Top Hinge,2.907,3,0.7,-2.0349
6488,CA-2015-120621,3/21/2015,3/26/2015,Standard Class,JW-16075,Julia West,Consumer,United States,Jacksonville,North Carolina,28540,South,OFF-BI-10000948,"{'MainCategory': 'Office Supplies', 'SubCategory': 'Binders'}","GBC Laser Imprintable Binding System Covers, Desert Sand",12.843,3,0.7,-9.8463
7987,CA-2016-137939,7/20/2016,7/23/2016,Second Class,PJ-19015,Pauline Johnson,Consumer,United States,Long Beach,New York,11561,East,TEC-PH-10003589,"{'MainCategory': 'Technology', 'SubCategory': 'Phones'}",invisibleSHIELD by ZAGG Smudge-Free Screen Protector,89.95,5,0,43.176
921,CA-2014-138296,12/5/2014,12/12/2014,Standard Class,RC-19825,Roy Collins,Consumer,United States,Alexandria,Virginia,22304,South,OFF-ST-10002444,"{'MainCategory': 'Office Supplies', 'SubCategory': 'Storage'}",Recycled Eldon Regeneration Jumbo File,24.56,2,0,6.8768
7388,CA-2016-105732,9/13/2016,9/18/2016,Standard Class,AG-10270,Alejandro Grove,Consumer,United States,Omaha,Nebraska,68104,Central,FUR-FU-10003664,"{'MainCategory': 'Furniture', 'SubCategory': 'Furnishings'}","Electrix Architect's Clamp-On Swing Arm Lamp, Black",1336.44,14,0,387.5676
596,CA-2014-131450,8/8/2014,8/15/2014,Standard Class,LR-16915,Lena Radford,Consumer,United States,San Diego,California,92024,West,TEC-CO-10004115,"{'MainCategory': 'Technology', 'SubCategory': 'Copiers'}",Sharp AL-1530CS Digital Copier,1199.976,3,0.2,434.9913
4752,CA-2016-159989,12/9/2016,12/13/2016,Standard Class,EB-13870,Emily Burns,Consumer,United States,Franklin,Tennessee,37064,South,TEC-PH-10000169,"{'MainCategory': 'Technology', 'SubCategory': 'Phones'}",ARKON Windshield Dashboard Air Vent Car Mount Holder,40.68,3,0.2,-9.153
4232,CA-2017-100223,7/5/2017,7/10/2017,Standard Class,LS-16945,Linda Southworth,Corporate,United States,Dallas,Texas,75220,Central,OFF-PA-10000232,"{'MainCategory': 'Office Supplies', 'SubCategory': 'Paper'}",Xerox 1975,15.552,3,0.2,5.6376
8197,CA-2017-102736,9/5/2017,9/9/2017,Standard Class,LP-17095,Liz Preis,Consumer,United States,Knoxville,Tennessee,37918,South,TEC-AC-10004568,"{'MainCategory': 'Technology', 'SubCategory': 'Accessories'}",Maxell LTO Ultrium - 800 GB,89.568,4,0.2,-1.1196
5324,CA-2017-134439,9/18/2017,9/23/2017,Second Class,TM-21010,Tamara Manning,Consumer,United States,Grand Island,Nebraska,68801,Central,OFF-PA-10004082,"{'MainCategory': 'Office Supplies', 'SubCategory': 'Paper'}","Adams Telephone Message Book w/Frequently-Called Numbers Space, 400 Messages per Book",15.96,2,0,7.98
2159,CA-2017-148166,10/21/2017,10/26/2017,Standard Class,NK-18490,Neil Knudson,Home Office,United States,Deltona,Florida,32725,South,OFF-AR-10004956,"{'MainCategory': 'Office Supplies', 'SubCategory': 'Art'}",Newell 33,17.856,4,0.2,2.0088
2461,CA-2015-142419,7/11/2015,7/13/2015,Second Class,SC-20380,Shahid Collister,Consumer,United States,Seattle,Washington,98115,West,OFF-PA-10001763,"{'MainCategory': 'Office Supplies', 'SubCategory': 'Paper'}",Xerox 1896,29.97,3,0,13.4865
1315,CA-2016-145919,12/18/2016,12/23/2016,Standard Class,HG-14965,Henry Goldwyn,Corporate,United States,Los Angeles,California,90032,West,OFF-PA-10003072,"{'MainCategory': 'Office Supplies', 'SubCategory': 'Paper'}","Eureka Recycled Copy Paper 8 1/2"" x 11"", Ream",38.88,6,0,18.6624
9074,CA-2016-142524,9/4/2016,9/8/2016,Standard Class,MB-18085,Mick Brown,Consumer,United States,Springfield,Missouri,65807,Central,TEC-AC-10000109,"{'MainCategory': 'Technology', 'SubCategory': 'Accessories'}",Sony Micro Vault Click 16 GB USB 2.0 Flash Drive,279.95,5,0,67.188
6997,CA-2017-117443,12/23/2017,12/25/2017,Second Class,JB-15400,Jennifer Braxton,Corporate,United States,Rockford,Illinois,61107,Central,OFF-BI-10004002,"{'MainCategory': 'Office Supplies', 'SubCategory': 'Binders'}",Wilson Jones International Size A4 Ring Binders,13.84,4,0.8,-22.144
707,CA-2014-138527,9/12/2014,9/17/2014,Standard Class,BN-11470,Brad Norvell,Corporate,United States,Cary,North Carolina,27511,South,TEC-AC-10002399,"{'MainCategory': 'Technology', 'SubCategory': 'Accessories'}",SanDisk Cruzer 32 GB USB Flash Drive,15.216,1,0.2,2.2824
6648,US-2016-127334,12/15/2016,12/21/2016,Standard Class,MP-18175,Mike Pelletier,Home Office,United States,Springfield,Oregon,97477,West,OFF-AP-10001205,"{'MainCategory': 'Office Supplies', 'SubCategory': 'Appliances'}",Belkin 5 Outlet SurgeMaster Power Centers,87.168,2,0.2,8.7168
8853,CA-2014-119977,10/8/2014,10/13/2014,Second Class,DN-13690,Duane Noonan,Consumer,United States,New York City,New York,10011,East,OFF-PA-10003823,"{'MainCategory': 'Office Supplies', 'SubCategory': 'Paper'}",Xerox 197,123.92,4,0,55.764
4306,CA-2014-162278,10/26/2014,10/30/2014,Second Class,AH-10585,Angele Hood,Consumer,United States,Seattle,Washington,98105,West,TEC-PH-10000526,"{'MainCategory': 'Technology', 'SubCategory': 'Phones'}",Vtech CS6719,383.96,5,0.2,38.396
3298,US-2015-110569,5/23/2015,5/30/2015,Standard Class,EB-13870,Emily Burns,Consumer,United States,Phoenix,Arizona,85023,West,OFF-AP-10004708,"{'MainCategory': 'Office Supplies', 'SubCategory': 'Appliances'}",Fellowes Superior 10 Outlet Split Surge Protector,121.792,4,0.2,13.7016
3747,CA-2016-149979,9/23/2016,9/28/2016,Second Class,RA-19915,Russell Applegate,Consumer,United States,Columbus,Georgia,31907,South,FUR-CH-10002084,"{'MainCategory': 'Furniture', 'SubCategory': 'Chairs'}",Hon Mobius Operator's Chair,368.97,3,0,81.1734
7031,CA-2016-145548,11/11/2016,11/16/2016,Standard Class,EB-13750,Edward Becker,Corporate,United States,New York City,New York,10011,East,TEC-AC-10002305,"{'MainCategory': 'Technology', 'SubCategory': 'Accessories'}",KeyTronic E03601U1 - Keyboard - Beige,36,2,0,6.48
6171,CA-2016-141523,12/19/2016,12/24/2016,Second Class,MH-17440,Mark Haberlin,Corporate,United States,New York City,New York,10035,East,OFF-BI-10000948,"{'MainCategory': 'Office Supplies', 'SubCategory': 'Binders'}","GBC Laser Imprintable Binding System Covers, Desert Sand",34.248,3,0.2,11.5587
5867,US-2014-117968,8/5/2014,8/7/2014,Second Class,RS-19420,Ricardo Sperren,Corporate,United States,Meriden,Connecticut,6450,East,FUR-CH-10002335,"{'MainCategory': 'Furniture', 'SubCategory': 'Chairs'}",Hon GuestStacker Chair,1133.35,5,0,294.671
3290,CA-2015-157770,12/13/2015,12/15/2015,First Class,RD-19585,Rob Dowd,Consumer,United States,Temecula,California,92592,West,TEC-AC-10001552,"{'MainCategory': 'Technology', 'SubCategory': 'Accessories'}",Logitech K350 2.4Ghz Wireless Keyboard,248.85,5,0,27.3735
5367,CA-2017-158071,6/10/2017,6/15/2017,Standard Class,BD-11320,Bill Donatelli,Consumer,United States,Seattle,Washington,98103,West,TEC-PH-10002923,"{'MainCategory': 'Technology', 'SubCategory': 'Phones'}","Logitech B530 USB Headset - headset - Full size, Binaural",88.776,3,0.2,7.7679
4100,CA-2014-116904,9/23/2014,9/28/2014,Standard Class,SC-20095,Sanjit Chand,Consumer,United States,Minneapolis,Minnesota,55407,Central,OFF-BI-10000301,"{'MainCategory': 'Office Supplies', 'SubCategory': 'Binders'}",GBC Instant Report Kit,12.94,2,0,6.47
3847,CA-2014-101931,10/28/2014,10/31/2014,First Class,TS-21370,Todd Sumrall,Corporate,United States,Los Angeles,California,90049,West,OFF-ST-10003442,"{'MainCategory': 'Office Supplies', 'SubCategory': 'Storage'}",Eldon Portable Mobile Manager,141.4,5,0,38.178
3960,CA-2016-156573,5/29/2016,6/2/2016,Standard Class,RB-19360,Raymond Buch,Consumer,United States,Nashville,Tennessee,37211,South,FUR-FU-10001085,"{'MainCategory': 'Furniture', 'SubCategory': 'Furnishings'}",3M Polarizing Light Filter Sleeves,44.76,3,0.2,14.547
9227,CA-2017-121160,11/4/2017,11/4/2017,Same Day,FM-14290,Frank Merwin,Home Office,United States,Bryan,Texas,77803,Central,OFF-ST-10002485,"{'MainCategory': 'Office Supplies', 'SubCategory': 'Storage'}",Rogers Deluxe File Chest,52.752,3,0.2,-12.5286
8216,CA-2015-120845,9/25/2015,10/2/2015,Standard Class,ML-17395,Marina Lichtenstein,Corporate,United States,Murfreesboro,Tennessee,37130,South,OFF-BI-10004506,"{'MainCategory': 'Office Supplies', 'SubCategory': 'Binders'}",Wilson Jones data.warehouse D-Ring Binders with DublLock,2.469,1,0.7,-1.8106
3749,CA-2017-161956,8/27/2017,8/29/2017,Second Class,DR-12880,Dan Reichenbach,Corporate,United States,Inglewood,California,90301,West,OFF-AP-10001242,"{'MainCategory': 'Office Supplies', 'SubCategory': 'Appliances'}",APC 7 Outlet Network SurgeArrest Surge Protector,321.92,4,0,96.576
6901,CA-2015-140557,9/7/2015,9/11/2015,Standard Class,TN-21040,Tanja Norvell,Home Office,United States,New York City,New York,10009,East,TEC-AC-10002402,"{'MainCategory': 'Technology', 'SubCategory': 'Accessories'}",Razer Kraken PRO Over Ear PC and Music Headset,559.93,7,0,167.979
8441,CA-2016-158302,12/8/2016,12/12/2016,Second Class,JB-16045,Julia Barnett,Home Office,United States,Columbus,Ohio,43229,East,OFF-PA-10002615,"{'MainCategory': 'Office Supplies', 'SubCategory': 'Paper'}","Ampad Gold Fibre Wirebound Steno Books, 6"" x 9"", Gregg Ruled",10.584,3,0.2,3.4398
4704,CA-2016-166240,6/24/2016,6/28/2016,Standard Class,DH-13075,Dave Hallsten,Corporate,United States,Houston,Texas,77095,Central,OFF-AP-10002082,"{'MainCategory': 'Office Supplies', 'SubCategory': 'Appliances'}",Holmes HEPA Air Purifier,8.712,2,0.8,-19.602
3552,CA-2016-152555,3/29/2016,4/2/2016,Second Class,ME-17320,Maria Etezadi,Home Office,United States,Chicago,Illinois,60653,Central,FUR-CH-10002965,"{'MainCategory': 'Furniture', 'SubCategory': 'Chairs'}","Global Leather Highback Executive Chair with Pneumatic Height Adjustment, Black",844.116,6,0.3,-36.1764
9559,CA-2016-129280,5/3/2016,5/5/2016,First Class,SM-20905,Susan MacKendrick,Consumer,United States,Newark,Ohio,43055,East,TEC-AC-10003832,"{'MainCategory': 'Technology', 'SubCategory': 'Accessories'}",Imation 16GB Mini TravelDrive USB 2.0 Flash Drive,132.52,5,0.2,34.7865
1305,US-2017-126179,7/3/2017,7/7/2017,Standard Class,CS-12460,Chuck Sachs,Consumer,United States,Columbus,Georgia,31907,South,TEC-PH-10001557,"{'MainCategory': 'Technology', 'SubCategory': 'Phones'}",Pyle PMP37LED,287.97,3,0,77.7519
2076,CA-2014-131051,12/1/2014,12/5/2014,Standard Class,TR-21325,Toby Ritter,Consumer,United States,San Francisco,California,94122,West,FUR-FU-10001861,"{'MainCategory': 'Furniture', 'SubCategory': 'Furnishings'}","Floodlight Indoor Halogen Bulbs, 1 Bulb per Pack, 60 Watts",58.2,3,0,28.518
9563,CA-2016-129280,5/3/2016,5/5/2016,First Class,SM-20905,Susan MacKendrick,Consumer,United States,Newark,Ohio,43055,East,TEC-MA-10003589,"{'MainCategory': 'Technology', 'SubCategory': 'Machines'}",Cisco 8961 IP Phone Charcoal,224.937,3,0.7,-164.9538
622,US-2014-111171,12/26/2014,12/31/2014,Standard Class,CA-12265,Christina Anderson,Consumer,United States,Chicago,Illinois,60610,Central,OFF-BI-10002103,"{'MainCategory': 'Office Supplies', 'SubCategory': 'Binders'}","Cardinal Slant-D Ring Binder, Heavy Gauge Vinyl",8.69,5,0.8,-14.773
2840,US-2015-104185,9/3/2015,9/8/2015,Second Class,JB-15400,Jennifer Braxton,Corporate,United States,New York City,New York,10009,East,OFF-ST-10001526,"{'MainCategory': 'Office Supplies', 'SubCategory': 'Storage'}",Iceberg Mobile Mega Data/Printer Cart ,120.33,1,0,31.2858
2707,CA-2017-155873,6/16/2017,6/21/2017,Standard Class,AB-10255,Alejandro Ballentine,Home Office,United States,Carlsbad,New Mexico,88220,West,OFF-PA-10001246,"{'MainCategory': 'Office Supplies', 'SubCategory': 'Paper'}",Xerox 215,19.44,3,0,9.3312
5261,CA-2014-105165,9/7/2014,9/10/2014,First Class,SZ-20035,Sam Zeldin,Home Office,United States,Houston,Texas,77036,Central,TEC-PH-10000675,"{'MainCategory': 'Technology', 'SubCategory': 'Phones'}",Panasonic KX TS3282B Corded phone,196.776,3,0.2,14.7582
5026,US-2017-130953,7/29/2017,8/3/2017,Standard Class,RF-19735,Roland Fjeld,Consumer,United States,Oklahoma City,Oklahoma,73120,Central,TEC-PH-10003012,"{'MainCategory': 'Technology', 'SubCategory': 'Phones'}",Nortel Meridian M3904 Professional Digital phone,461.97,3,0,133.9713
9763,CA-2014-121762,2/14/2014,2/18/2014,Standard Class,ML-17395,Marina Lichtenstein,Corporate,United States,Seattle,Washington,98103,West,OFF-AP-10001293,"{'MainCategory': 'Office Supplies', 'SubCategory': 'Appliances'}",Belkin 8 Outlet Surge Protector,81.96,2,0,22.9488
8395,CA-2016-142594,12/1/2016,12/6/2016,Second Class,EJ-14155,Eva Jacobs,Consumer,United States,Franklin,Massachusetts,2038,East,OFF-AP-10002945,"{'MainCategory': 'Office Supplies', 'SubCategory': 'Appliances'}",Honeywell Enviracaire Portable HEPA Air Cleaner for 17' x 22' Room,901.95,3,0,297.6435
2485,CA-2017-126067,8/28/2017,9/3/2017,Standard Class,KN-16705,Kristina Nunn,Home Office,United States,Seattle,Washington,98105,West,OFF-BI-10001658,"{'MainCategory': 'Office Supplies', 'SubCategory': 'Binders'}",GBC Standard Therm-A-Bind Covers,99.68,5,0.2,32.396
1550,CA-2014-134278,7/6/2014,7/8/2014,First Class,EP-13915,Emily Phan,Consumer,United States,New York City,New York,10011,East,TEC-CO-10001046,"{'MainCategory': 'Technology', 'SubCategory': 'Copiers'}",Canon Imageclass D680 Copier / Fax,559.992,1,0.2,174.9975
8955,CA-2014-156790,8/8/2014,8/10/2014,Second Class,VG-21790,Vivek Gonzalez,Consumer,United States,Jacksonville,Florida,32216,South,FUR-BO-10000468,"{'MainCategory': 'Furniture', 'SubCategory': 'Bookcases'}",O'Sullivan 2-Shelf Heavy-Duty Bookcases,155.456,4,0.2,-7.7728
8513,CA-2016-144645,2/2/2016,2/8/2016,Standard Class,NS-18640,Noel Staavos,Corporate,United States,Houston,Texas,77041,Central,FUR-FU-10003601,"{'MainCategory': 'Furniture', 'SubCategory': 'Furnishings'}","Deflect-o RollaMat Studded, Beveled Mat for Medium Pile Carpeting",73.784,2,0.6,-77.4732
6998,CA-2017-117443,12/23/2017,12/25/2017,Second Class,JB-15400,Jennifer Braxton,Corporate,United States,Rockford,Illinois,61107,Central,OFF-PA-10004475,"{'MainCategory': 'Office Supplies', 'SubCategory': 'Paper'}",Xerox 1940,175.872,4,0.2,63.7536
2949,CA-2017-169859,12/14/2017,12/18/2017,Standard Class,MP-18175,Mike Pelletier,Home Office,United States,San Diego,California,92024,West,OFF-EN-10000461,"{'MainCategory': 'Office Supplies', 'SubCategory': 'Envelopes'}","#10- 4 1/8"" x 9 1/2"" Recycled Envelopes",43.7,5,0,20.539
190,CA-2015-102281,10/12/2015,10/14/2015,First Class,MP-17470,Mark Packer,Home Office,United States,New York City,New York,10035,East,FUR-BO-10002613,"{'MainCategory': 'Furniture', 'SubCategory': 'Bookcases'}","Atlantic Metals Mobile 4-Shelf Bookcases, Custom Colors",899.136,4,0.2,112.392
319,CA-2014-164973,11/4/2014,11/9/2014,Standard Class,NM-18445,Nathan Mautz,Home Office,United States,New York City,New York,10024,East,TEC-MA-10002927,"{'MainCategory': 'Technology', 'SubCategory': 'Machines'}",Canon imageCLASS MF7460 Monochrome Digital Laser Multifunction Copier,3991.98,2,0,1995.99
86,CA-2017-140088,5/28/2017,5/30/2017,Second Class,PO-18865,Patrick O'Donnell,Consumer,United States,Columbia,South Carolina,29203,South,FUR-CH-10000863,"{'MainCategory': 'Furniture', 'SubCategory': 'Chairs'}",Novimex Swivel Fabric Task Chair,301.96,2,0,33.2156
1164,CA-2014-127964,3/3/2014,3/8/2014,Standard Class,AP-10720,Anne Pryor,Home Office,United States,New York City,New York,10035,East,OFF-BI-10004593,"{'MainCategory': 'Office Supplies', 'SubCategory': 'Binders'}",Ibico Laser Imprintable Binding System Covers,125.76,3,0.2,40.872
3948,CA-2016-119963,11/18/2016,11/22/2016,Standard Class,SN-20710,Steve Nguyen,Home Office,United States,Pasadena,Texas,77506,Central,OFF-AR-10003514,"{'MainCategory': 'Office Supplies', 'SubCategory': 'Art'}",4009 Highlighters by Sanford,6.368,2,0.2,1.0348
3895,US-2014-112200,11/22/2014,11/28/2014,Standard Class,TC-21475,Tony Chapman,Home Office,United States,Bolingbrook,Illinois,60440,Central,OFF-BI-10002571,"{'MainCategory': 'Office Supplies', 'SubCategory': 'Binders'}","Avery Framed View Binder, EZD Ring (Locking), Navy, 1 1/2""",9.98,5,0.8,-16.467
9499,CA-2017-118213,11/5/2017,11/7/2017,First Class,AB-10060,Adam Bellavance,Home Office,United States,Greenwood,Indiana,46142,Central,OFF-PA-10000565,"{'MainCategory': 'Office Supplies', 'SubCategory': 'Paper'}",Easy-staple paper,167.94,3,0,82.2906
5860,CA-2015-108119,11/1/2015,11/8/2015,Standard Class,MS-17530,MaryBeth Skach,Consumer,United States,Conway,Arkansas,72032,South,FUR-TA-10002530,"{'MainCategory': 'Furniture', 'SubCategory': 'Tables'}","Iceberg OfficeWorks 42"" Round Tables",301.96,2,0,45.294
5374,CA-2015-118738,10/24/2015,10/30/2015,Standard Class,AG-10495,Andrew Gjertsen,Corporate,United States,Houston,Texas,77041,Central,FUR-TA-10002607,"{'MainCategory': 'Furniture', 'SubCategory': 'Tables'}",KI Conference Tables,347.361,7,0.3,-69.4722
1551,US-2017-124926,11/13/2017,11/18/2017,Second Class,ME-17320,Maria Etezadi,Home Office,United States,Houston,Texas,77095,Central,OFF-AP-10004868,"{'MainCategory': 'Office Supplies', 'SubCategory': 'Appliances'}",Hoover Commercial Soft Guard Upright Vacuum And Disposable Filtration Bags,9.324,6,0.8,-24.7086
8104,CA-2015-149846,5/22/2015,5/26/2015,Standard Class,SB-20185,Sarah Brown,Consumer,United States,Los Angeles,California,90045,West,OFF-ST-10002406,"{'MainCategory': 'Office Supplies', 'SubCategory': 'Storage'}",Pizazz Global Quick File,104.79,7,0,29.3412
2194,CA-2016-128412,12/10/2016,12/17/2016,Standard Class,AP-10915,Arthur Prichep,Consumer,United States,Seattle,Washington,98105,West,OFF-PA-10001125,"{'MainCategory': 'Office Supplies', 'SubCategory': 'Paper'}",Xerox 1988,123.92,4,0,55.764
8621,US-2017-119319,11/6/2017,11/9/2017,Second Class,LC-17050,Liz Carlisle,Consumer,United States,Dallas,Texas,75217,Central,FUR-FU-10003878,"{'MainCategory': 'Furniture', 'SubCategory': 'Furnishings'}","Linden 10"" Round Wall Clock, Black",30.56,5,0.6,-19.864
331,US-2016-141544,8/30/2016,9/1/2016,First Class,PO-18850,Patrick O'Brill,Consumer,United States,Philadelphia,Pennsylvania,19143,East,OFF-BI-10001524,"{'MainCategory': 'Office Supplies', 'SubCategory': 'Binders'}",GBC Premium Transparent Covers with Diagonal Lined Pattern,37.764,6,0.7,-27.6936
8141,CA-2016-102561,7/18/2016,7/22/2016,Standard Class,NK-18490,Neil Knudson,Home Office,United States,Philadelphia,Pennsylvania,19140,East,OFF-PA-10004971,"{'MainCategory': 'Office Supplies', 'SubCategory': 'Paper'}",Xerox 196,18.496,4,0.2,6.7048
1547,CA-2015-111395,11/23/2015,11/27/2015,Standard Class,VB-21745,Victoria Brennan,Corporate,United States,San Antonio,Texas,78207,Central,OFF-PA-10000994,"{'MainCategory': 'Office Supplies', 'SubCategory': 'Paper'}",Xerox 1915,335.52,4,0.2,117.432
8544,CA-2014-137575,8/6/2014,8/11/2014,Standard Class,TB-21625,Trudy Brown,Consumer,United States,New York City,New York,10035,East,TEC-AC-10004571,"{'MainCategory': 'Technology', 'SubCategory': 'Accessories'}",Logitech G700s Rechargeable Gaming Mouse,199.98,2,0,83.9916
2343,US-2014-143231,12/31/2014,1/3/2015,First Class,GM-14455,Gary Mitchum,Home Office,United States,Franklin,Massachusetts,2038,East,TEC-AC-10000358,"{'MainCategory': 'Technology', 'SubCategory': 'Accessories'}",Imation Secure Drive + Hardware Encrypted USB flash drive - 16 GB,113.97,3,0,27.3528
4735,CA-2016-120530,4/7/2016,4/12/2016,Standard Class,Dl-13600,Dorris liebe,Corporate,United States,New York City,New York,10035,East,FUR-CH-10000454,"{'MainCategory': 'Furniture', 'SubCategory': 'Chairs'}","Hon Deluxe Fabric Upholstered Stacking Chairs, Rounded Back",658.746,3,0.1,146.388
5972,CA-2014-141726,7/20/2014,7/22/2014,First Class,CC-12145,Charles Crestani,Consumer,United States,San Diego,California,92105,West,FUR-FU-10003577,"{'MainCategory': 'Furniture', 'SubCategory': 'Furnishings'}",Nu-Dell Leatherette Frames,43.02,3,0,15.4872
7274,US-2016-150357,10/10/2016,10/14/2016,Standard Class,EB-13975,Erica Bern,Corporate,United States,Greensboro,North Carolina,27405,South,OFF-BI-10002557,"{'MainCategory': 'Office Supplies', 'SubCategory': 'Binders'}",Presstex Flexible Ring Binders,4.095,3,0.7,-2.73
1279,CA-2014-163293,9/8/2014,9/11/2014,First Class,KC-16255,Karen Carlisle,Corporate,United States,Macon,Georgia,31204,South,TEC-AC-10004209,"{'MainCategory': 'Technology', 'SubCategory': 'Accessories'}",Memorex Froggy Flash Drive 4 GB,32.97,3,0,12.8583
5420,CA-2015-110877,10/23/2015,10/26/2015,First Class,JE-15715,Joe Elijah,Consumer,United States,Houston,Texas,77041,Central,TEC-PH-10002103,"{'MainCategory': 'Technology', 'SubCategory': 'Phones'}",Jabra SPEAK 410,150.384,2,0.2,15.0384
6961,CA-2015-167255,9/27/2015,9/29/2015,Second Class,RH-19510,Rick Huthwaite,Home Office,United States,San Francisco,California,94110,West,OFF-PA-10003441,"{'MainCategory': 'Office Supplies', 'SubCategory': 'Paper'}",Xerox 226,12.96,2,0,6.2208
564,CA-2015-130736,12/7/2015,12/9/2015,First Class,JF-15490,Jeremy Farry,Consumer,United States,Seattle,Washington,98105,West,OFF-FA-10003467,"{'MainCategory': 'Office Supplies', 'SubCategory': 'Fasteners'}","Alliance Big Bands Rubber Bands, 12/Pack",3.96,2,0,0
709,CA-2014-112158,12/2/2014,12/4/2014,First Class,DP-13165,David Philippe,Consumer,United States,New York City,New York,10035,East,FUR-BO-10003272,"{'MainCategory': 'Furniture', 'SubCategory': 'Bookcases'}",O'Sullivan Living Dimensions 5-Shelf Bookcases,883.92,5,0.2,-110.49
8468,CA-2016-168557,9/19/2016,9/23/2016,Standard Class,FH-14275,Frank Hawley,Corporate,United States,San Francisco,California,94122,West,OFF-BI-10002309,"{'MainCategory': 'Office Supplies', 'SubCategory': 'Binders'}",Avery Heavy-Duty EZD  Binder With Locking Rings,8.928,2,0.2,3.1248
1473,CA-2017-164959,7/11/2017,7/15/2017,Standard Class,KN-16390,Katherine Nockton,Corporate,United States,Los Angeles,California,90004,West,OFF-LA-10004272,"{'MainCategory': 'Office Supplies', 'SubCategory': 'Labels'}",Avery 482,8.67,3,0,4.0749
3660,CA-2015-128083,3/12/2015,3/17/2015,Standard Class,EB-13750,Edward Becker,Corporate,United States,Plantation,Florida,33317,South,FUR-FU-10001731,"{'MainCategory': 'Furniture', 'SubCategory': 'Furnishings'}",Acrylic Self-Standing Desk Frames,6.408,3,0.2,1.4418
368,CA-2016-155516,10/21/2016,10/21/2016,Same Day,MK-17905,Michael Kennedy,Corporate,United States,Manchester,Connecticut,6040,East,OFF-SU-10001225,"{'MainCategory': 'Office Supplies', 'SubCategory': 'Supplies'}",Staple remover,7.36,2,0,0.1472
9528,CA-2017-156958,12/5/2017,12/6/2017,First Class,PB-18805,Patrick Bzostek,Home Office,United States,Seattle,Washington,98115,West,OFF-BI-10001543,"{'MainCategory': 'Office Supplies', 'SubCategory': 'Binders'}",GBC VeloBinder Manual Binding System,172.752,6,0.2,60.4632
512,CA-2017-135307,11/26/2017,11/27/2017,First Class,LS-17245,Lynn Smith,Consumer,United States,Gladstone,Missouri,64118,Central,TEC-AC-10002399,"{'MainCategory': 'Technology', 'SubCategory': 'Accessories'}",SanDisk Cruzer 32 GB USB Flash Drive,38.04,2,0,12.1728
1790,CA-2015-154326,2/15/2015,2/19/2015,Standard Class,RP-19855,Roy Phan,Corporate,United States,Kenosha,Wisconsin,53142,Central,TEC-AC-10004568,"{'MainCategory': 'Technology', 'SubCategory': 'Accessories'}",Maxell LTO Ultrium - 800 GB,139.95,5,0,26.5905
2023,CA-2016-168354,9/19/2016,9/21/2016,First Class,RH-19510,Rick Huthwaite,Home Office,United States,Providence,Rhode Island,2908,East,OFF-BI-10004826,"{'MainCategory': 'Office Supplies', 'SubCategory': 'Binders'}",JM Magazine Binder,49.53,3,0,23.7744
3095,CA-2015-114468,8/23/2015,8/23/2015,Same Day,TD-20995,Tamara Dahlen,Consumer,United States,Bolingbrook,Illinois,60440,Central,OFF-PA-10000809,"{'MainCategory': 'Office Supplies', 'SubCategory': 'Paper'}",Xerox 206,10.368,2,0.2,3.6288
5067,CA-2017-142090,11/30/2017,12/7/2017,Standard Class,SC-20380,Shahid Collister,Consumer,United States,Burlington,North Carolina,27217,South,FUR-TA-10001889,"{'MainCategory': 'Furniture', 'SubCategory': 'Tables'}",Bush Advantage Collection Racetrack Conference Table,1781.682,7,0.4,-653.2834
2810,CA-2015-148635,7/25/2015,7/27/2015,Second Class,MH-18025,Michelle Huthwaite,Consumer,United States,Seattle,Washington,98115,West,FUR-CH-10001854,"{'MainCategory': 'Furniture', 'SubCategory': 'Chairs'}",Office Star - Professional Matrix Back Chair with 2-to-1 Synchro Tilt and Mesh Fabric Seat,561.568,2,0.2,28.0784
2970,CA-2017-167941,11/6/2017,11/9/2017,Second Class,JF-15565,Jill Fjeld,Consumer,United States,Fayetteville,North Carolina,28314,South,OFF-PA-10001800,"{'MainCategory': 'Office Supplies', 'SubCategory': 'Paper'}",Xerox 220,31.104,6,0.2,10.8864
3860,CA-2017-154039,2/17/2017,2/22/2017,Standard Class,JK-16120,Julie Kriz,Home Office,United States,Chicago,Illinois,60653,Central,FUR-TA-10001932,"{'MainCategory': 'Furniture', 'SubCategory': 'Tables'}","Chromcraft 48"" x 96"" Racetrack Double Pedestal Table",480.96,3,0.5,-269.3376
5327,CA-2015-152681,1/17/2015,1/22/2015,Standard Class,SC-20260,Scott Cohen,Corporate,United States,Lawrence,Massachusetts,1841,East,OFF-AR-10003183,"{'MainCategory': 'Office Supplies', 'SubCategory': 'Art'}",Avery Fluorescent Highlighter Four-Color Set,6.68,2,0,2.004
5514,CA-2015-103177,5/30/2015,6/1/2015,First Class,EN-13780,Edward Nazzal,Consumer,United States,New York City,New York,10009,East,TEC-PH-10001795,"{'MainCategory': 'Technology', 'SubCategory': 'Phones'}",RCA H5401RE1 DECT 6.0 4-Line Cordless Handset With Caller ID/Call Waiting,239.97,3,0,2.3997
3702,CA-2016-126543,1/9/2016,1/13/2016,Second Class,MF-17665,Maureen Fritzler,Corporate,United States,Toledo,Ohio,43615,East,FUR-FU-10002445,"{'MainCategory': 'Furniture', 'SubCategory': 'Furnishings'}","DAX Two-Tone Rosewood/Black Document Frame, Desktop, 5 x 7",15.168,2,0.2,3.792
9858,CA-2015-164301,3/26/2015,3/30/2015,Standard Class,EB-13840,Ellis Ballard,Corporate,United States,Seattle,Washington,98103,West,FUR-TA-10001889,"{'MainCategory': 'Furniture', 'SubCategory': 'Tables'}",Bush Advantage Collection Racetrack Conference Table,3393.68,8,0,610.8624
4125,CA-2014-127523,5/11/2014,5/18/2014,Standard Class,BG-11695,Brooke Gillingham,Corporate,United States,Watertown,New York,13601,East,OFF-AP-10004249,"{'MainCategory': 'Office Supplies', 'SubCategory': 'Appliances'}",Staple holder,35.91,3,0,9.6957
9914,CA-2015-132388,10/10/2015,10/12/2015,First Class,KN-16390,Katherine Nockton,Corporate,United States,Santa Barbara,California,93101,West,OFF-LA-10000414,"{'MainCategory': 'Office Supplies', 'SubCategory': 'Labels'}",Avery 503,31.05,3,0,14.904
3904,CA-2015-167010,4/5/2015,4/10/2015,Standard Class,VT-21700,Valerie Takahito,Home Office,United States,Philadelphia,Pennsylvania,19143,East,OFF-AP-10004036,"{'MainCategory': 'Office Supplies', 'SubCategory': 'Appliances'}",Bionaire 99.97% HEPA Air Cleaner,98.112,7,0.2,18.396
6594,CA-2016-126795,6/13/2016,6/16/2016,Second Class,GT-14710,Greg Tran,Consumer,United States,New York City,New York,10024,East,OFF-BI-10001989,"{'MainCategory': 'Office Supplies', 'SubCategory': 'Binders'}",Premium Transparent Presentation Covers by GBC,33.568,2,0.2,11.7488
5603,CA-2016-117919,8/27/2016,8/29/2016,Second Class,TB-21355,Todd Boyes,Corporate,United States,Houston,Texas,77041,Central,OFF-ST-10003572,"{'MainCategory': 'Office Supplies', 'SubCategory': 'Storage'}",Portfile Personal File Boxes,14.16,1,0.2,1.062
2482,CA-2017-147956,12/24/2017,12/31/2017,Standard Class,AH-10210,Alan Hwang,Consumer,United States,Seattle,Washington,98105,West,OFF-ST-10001097,"{'MainCategory': 'Office Supplies', 'SubCategory': 'Storage'}",Office Impressions Heavy Duty Welded Shelving & Multimedia Storage Drawers,1003.62,6,0,0
2669,US-2015-139759,8/25/2015,8/30/2015,Standard Class,NL-18310,Nancy Lomonaco,Home Office,United States,Los Angeles,California,90045,West,FUR-CH-10002774,"{'MainCategory': 'Furniture', 'SubCategory': 'Chairs'}","Global Deluxe Stacking Chair, Gray",40.784,1,0.2,4.5882
6668,CA-2017-122175,5/12/2017,5/14/2017,Second Class,CA-12775,Cynthia Arntzen,Consumer,United States,Vineland,New Jersey,8360,East,OFF-LA-10002271,"{'MainCategory': 'Office Supplies', 'SubCategory': 'Labels'}",Smead Alpha-Z Color-Coded Second Alphabetical Labels and Starter Set,6.16,2,0,2.9568
8091,CA-2014-101392,12/7/2014,12/13/2014,Standard Class,AS-10630,Ann Steele,Home Office,United States,Seattle,Washington,98103,West,OFF-ST-10000532,"{'MainCategory': 'Office Supplies', 'SubCategory': 'Storage'}",Advantus Rolling Drawer Organizers,269.36,7,0,70.0336
748,CA-2014-124429,5/27/2014,5/27/2014,Same Day,MH-17785,Maya Herman,Corporate,United States,San Diego,California,92105,West,OFF-ST-10001809,"{'MainCategory': 'Office Supplies', 'SubCategory': 'Storage'}",Fellowes Officeware Wire Shelving,359.32,4,0,7.1864
8877,US-2016-141264,8/13/2016,8/19/2016,Standard Class,CT-11995,Carol Triggs,Consumer,United States,Irving,Texas,75061,Central,OFF-AP-10002534,"{'MainCategory': 'Office Supplies', 'SubCategory': 'Appliances'}",3.6 Cubic Foot Counter Height Office Refrigerator,58.924,1,0.8,-153.2024
3930,CA-2016-162082,3/14/2016,3/17/2016,First Class,JS-15880,John Stevenson,Consumer,United States,Harlingen,Texas,78550,Central,OFF-PA-10001934,"{'MainCategory': 'Office Supplies', 'SubCategory': 'Paper'}",Xerox 1993,5.184,1,0.2,1.8792
3460,CA-2017-136448,9/16/2017,9/18/2017,First Class,AS-10090,Adam Shillingsburg,Consumer,United States,Philadelphia,Pennsylvania,19143,East,OFF-BI-10001359,"{'MainCategory': 'Office Supplies', 'SubCategory': 'Binders'}",GBC DocuBind TL300 Electric Binding System,538.194,2,0.7,-412.6154
1655,US-2017-132444,11/18/2017,11/21/2017,First Class,CD-12280,Christina DeMoss,Consumer,United States,Seattle,Washington,98105,West,OFF-FA-10000611,"{'MainCategory': 'Office Supplies', 'SubCategory': 'Fasteners'}",Binder Clips by OIC,2.96,2,0,1.4208
1389,US-2016-108504,2/5/2016,2/5/2016,Same Day,PP-18955,Paul Prost,Home Office,United States,Smyrna,Georgia,30080,South,TEC-PH-10000215,"{'MainCategory': 'Technology', 'SubCategory': 'Phones'}",Plantronics Cordless Phone Headset with In-line Volume - M214C,104.85,3,0,28.3095
4469,CA-2017-168641,11/24/2017,12/1/2017,Standard Class,KA-16525,Kelly Andreada,Consumer,United States,New York City,New York,10035,East,FUR-BO-10000780,"{'MainCategory': 'Furniture', 'SubCategory': 'Bookcases'}",O'Sullivan Plantations 2-Door Library in Landvery Oak,321.568,2,0.2,-16.0784
9851,CA-2016-158155,5/2/2016,5/6/2016,Standard Class,EH-13765,Edward Hooks,Corporate,United States,New York City,New York,10009,East,FUR-FU-10000732,"{'MainCategory': 'Furniture', 'SubCategory': 'Furnishings'}",Eldon 200 Class Desk Accessories,12.56,2,0,4.0192
7327,US-2017-128447,11/10/2017,11/17/2017,Standard Class,MC-17845,Michael Chen,Consumer,United States,Pasco,Washington,99301,West,OFF-BI-10001543,"{'MainCategory': 'Office Supplies', 'SubCategory': 'Binders'}",GBC VeloBinder Manual Binding System,28.792,1,0.2,10.0772
8923,CA-2016-145709,10/4/2016,10/8/2016,Standard Class,AH-10690,Anna Häberlin,Corporate,United States,Coral Gables,Florida,33134,South,FUR-FU-10002885,"{'MainCategory': 'Furniture', 'SubCategory': 'Furnishings'}",Magna Visual Magnetic Picture Hangers,11.568,3,0.2,2.6028
7715,CA-2014-150203,12/5/2014,12/7/2014,First Class,JB-15925,Joni Blumstein,Consumer,United States,Los Angeles,California,90032,West,OFF-AP-10001469,"{'MainCategory': 'Office Supplies', 'SubCategory': 'Appliances'}",Fellowes 8 Outlet Superior Workstation Surge Protector,250.26,6,0,72.5754
8910,CA-2017-160661,10/28/2017,11/1/2017,Standard Class,SA-20830,Sue Ann Reed,Consumer,United States,Everett,Massachusetts,2149,East,OFF-LA-10002475,"{'MainCategory': 'Office Supplies', 'SubCategory': 'Labels'}",Avery 519,21.93,3,0,10.3071
2154,CA-2016-117282,7/14/2016,7/18/2016,Standard Class,DR-12880,Dan Reichenbach,Corporate,United States,New York City,New York,10009,East,OFF-BI-10004094,"{'MainCategory': 'Office Supplies', 'SubCategory': 'Binders'}",GBC Standard Plastic Binding Systems Combs,14.16,2,0.2,5.133
6690,CA-2017-104108,12/2/2017,12/9/2017,Standard Class,RP-19855,Roy Phan,Corporate,United States,Houston,Texas,77095,Central,OFF-AR-10000817,"{'MainCategory': 'Office Supplies', 'SubCategory': 'Art'}",Manco Dry-Lighter Erasable Highlighter,12.16,5,0.2,2.128
5505,CA-2017-127782,11/2/2017,11/6/2017,Standard Class,TH-21115,Thea Hudgings,Corporate,United States,Philadelphia,Pennsylvania,19140,East,OFF-EN-10003845,"{'MainCategory': 'Office Supplies', 'SubCategory': 'Envelopes'}",Colored Envelopes,8.856,3,0.2,2.8782
7338,CA-2017-165155,9/21/2017,9/23/2017,First Class,BM-11575,Brendan Murry,Corporate,United States,Los Angeles,California,90045,West,OFF-ST-10004950,"{'MainCategory': 'Office Supplies', 'SubCategory': 'Storage'}","Tenex Personal Filing Tote With Secure Closure Lid, Black/Frost",15.51,1,0,3.8775
5329,CA-2015-120320,3/5/2015,3/9/2015,Standard Class,MV-18190,Mike Vittorini,Consumer,United States,Houston,Texas,77036,Central,TEC-PH-10000149,"{'MainCategory': 'Technology', 'SubCategory': 'Phones'}",Cisco SPA525G2 IP Phone - Wireless,31.92,2,0.2,2.394
4902,CA-2017-120936,12/17/2017,12/21/2017,Standard Class,CA-12310,Christine Abelman,Corporate,United States,Anaheim,California,92804,West,OFF-SU-10002557,"{'MainCategory': 'Office Supplies', 'SubCategory': 'Supplies'}",Fiskars Spring-Action Scissors,13.98,1,0,3.6348
7307,CA-2016-144092,11/5/2016,11/7/2016,Second Class,LH-17155,Logan Haushalter,Consumer,United States,San Jose,California,95123,West,TEC-AC-10002305,"{'MainCategory': 'Technology', 'SubCategory': 'Accessories'}",KeyTronic E03601U1 - Keyboard - Beige,72,4,0,12.96
5523,CA-2016-110982,6/5/2016,6/7/2016,First Class,CK-12205,Chloris Kastensmidt,Consumer,United States,Santa Clara,California,95051,West,OFF-BI-10000829,"{'MainCategory': 'Office Supplies', 'SubCategory': 'Binders'}",Avery Non-Stick Binders,21.552,6,0.2,7.0044
453,CA-2016-166674,4/1/2016,4/3/2016,Second Class,RB-19360,Raymond Buch,Consumer,United States,Auburn,New York,13021,East,TEC-PH-10002365,"{'MainCategory': 'Technology', 'SubCategory': 'Phones'}",Belkin Grip Candy Sheer Case / Cover for iPhone 5 and 5S,35.12,4,0,9.1312
2585,US-2014-155502,1/26/2014,1/31/2014,Standard Class,SD-20485,Shirley Daniels,Home Office,United States,Alexandria,Virginia,22304,South,TEC-PH-10002103,"{'MainCategory': 'Technology', 'SubCategory': 'Phones'}",Jabra SPEAK 410,187.98,2,0,52.6344
9490,US-2016-102232,8/5/2016,8/11/2016,Standard Class,MF-17665,Maureen Fritzler,Corporate,United States,Huntsville,Alabama,35810,South,OFF-AR-10000538,"{'MainCategory': 'Office Supplies', 'SubCategory': 'Art'}","Boston Model 1800 Electric Pencil Sharpener, Gray",197.05,7,0,59.115
2421,CA-2017-159597,11/9/2017,11/14/2017,Standard Class,MC-17590,Matt Collister,Corporate,United States,Coachella,California,92236,West,TEC-AC-10004171,"{'MainCategory': 'Technology', 'SubCategory': 'Accessories'}",Razer Kraken 7.1 Surround Sound Over Ear USB Gaming Headset,99.99,1,0,43.9956
496,CA-2015-134782,12/27/2015,12/31/2015,Standard Class,MD-17350,Maribeth Dona,Consumer,United States,Fayetteville,Arkansas,72701,South,OFF-EN-10001434,"{'MainCategory': 'Office Supplies', 'SubCategory': 'Envelopes'}","Strathmore #10 Envelopes, Ultimate White",105.42,2,0,51.6558
4126,CA-2017-123239,7/27/2017,7/31/2017,Second Class,MG-18145,Mike Gockenbach,Consumer,United States,Jacksonville,Florida,32216,South,FUR-FU-10001602,"{'MainCategory': 'Furniture', 'SubCategory': 'Furnishings'}","Eldon Delta Triangular Chair Mat, 52"" x 58"", Clear",91.032,3,0.2,-2.2758
2720,CA-2014-110030,12/6/2014,12/8/2014,Second Class,LF-17185,Luke Foster,Consumer,United States,Houston,Texas,77095,Central,FUR-FU-10002759,"{'MainCategory': 'Furniture', 'SubCategory': 'Furnishings'}",12-1/2 Diameter Round Wall Clock,23.976,3,0.6,-14.3856
8742,CA-2015-113222,11/9/2015,11/9/2015,Same Day,AG-10765,Anthony Garverick,Home Office,United States,Lawrence,Indiana,46226,Central,OFF-BI-10001890,"{'MainCategory': 'Office Supplies', 'SubCategory': 'Binders'}",Avery Poly Binder Pockets,10.74,3,0,5.1552
5502,CA-2017-164378,7/15/2017,7/18/2017,Second Class,MM-18055,Michelle Moray,Consumer,United States,New York City,New York,10024,East,OFF-PA-10004519,"{'MainCategory': 'Office Supplies', 'SubCategory': 'Paper'}",Spiral Phone Message Books with Labels by Adams,8.96,2,0,4.3904
342,CA-2014-122336,4/13/2014,4/17/2014,Second Class,JD-15895,Jonathan Doherty,Corporate,United States,Philadelphia,Pennsylvania,19140,East,OFF-BI-10003656,"{'MainCategory': 'Office Supplies', 'SubCategory': 'Binders'}",Fellowes PB200 Plastic Comb Binding Machine,509.97,10,0.7,-407.976
3652,CA-2017-109960,12/9/2017,12/11/2017,Second Class,DB-13210,Dean Braden,Consumer,United States,Detroit,Michigan,48234,Central,OFF-AR-10001860,"{'MainCategory': 'Office Supplies', 'SubCategory': 'Art'}",BIC Liqua Brite Liner,34.7,5,0,12.492
2100,CA-2017-124401,9/7/2017,9/12/2017,Standard Class,RD-19900,Ruben Dartt,Consumer,United States,Portland,Oregon,97206,West,TEC-AC-10002926,"{'MainCategory': 'Technology', 'SubCategory': 'Accessories'}",Logitech Wireless Marathon Mouse M705,279.944,7,0.2,80.4839
3741,CA-2016-133340,12/9/2016,12/13/2016,Standard Class,LH-17155,Logan Haushalter,Consumer,United States,Jackson,Michigan,49201,Central,OFF-AP-10002311,"{'MainCategory': 'Office Supplies', 'SubCategory': 'Appliances'}","Holmes Replacement Filter for HEPA Air Cleaner, Very Large Room, HEPA Filter",61.929,1,0.1,23.3954
65,CA-2015-135545,11/24/2015,11/30/2015,Standard Class,KM-16720,Kunst Miller,Consumer,United States,Los Angeles,California,90004,West,OFF-PA-10003892,"{'MainCategory': 'Office Supplies', 'SubCategory': 'Paper'}",Xerox 1943,146.73,3,0,68.9631
743,US-2016-146710,8/27/2016,9/1/2016,Standard Class,SS-20875,Sung Shariari,Consumer,United States,Dallas,Texas,75220,Central,OFF-SU-10004498,"{'MainCategory': 'Office Supplies', 'SubCategory': 'Supplies'}",Martin-Yale Premier Letter Opener,51.52,5,0.2,-10.948
219,CA-2016-130162,10/28/2016,11/1/2016,Standard Class,JH-15910,Jonathan Howell,Consumer,United States,Los Angeles,California,90032,West,TEC-PH-10002563,"{'MainCategory': 'Technology', 'SubCategory': 'Phones'}",Adtran 1202752G1,302.376,3,0.2,22.6782
856,CA-2014-125612,8/3/2014,8/8/2014,Standard Class,BK-11260,Berenike Kampe,Consumer,United States,New York City,New York,10035,East,OFF-PA-10001019,"{'MainCategory': 'Office Supplies', 'SubCategory': 'Paper'}",Xerox 1884,39.96,2,0,18.7812
8075,CA-2017-151750,1/1/2017,1/5/2017,Standard Class,JM-15250,Janet Martin,Consumer,United States,Huntsville,Texas,77340,Central,OFF-BI-10000343,"{'MainCategory': 'Office Supplies', 'SubCategory': 'Binders'}","Pressboard Covers with Storage Hooks, 9 1/2"" x 11"", Light Blue",13.748,14,0.8,-22.6842
8750,US-2015-163825,6/16/2015,6/19/2015,First Class,LC-16885,Lena Creighton,Consumer,United States,New York City,New York,10009,East,OFF-BI-10003527,"{'MainCategory': 'Office Supplies', 'SubCategory': 'Binders'}",Fellowes PB500 Electric Punch Plastic Comb Binding Machine with Manual Bind,3050.376,3,0.2,1143.891
4343,CA-2017-105410,3/19/2017,3/22/2017,First Class,ND-18370,Natalie DeCherney,Consumer,United States,San Francisco,California,94110,West,OFF-BI-10004970,"{'MainCategory': 'Office Supplies', 'SubCategory': 'Binders'}","ACCOHIDE 3-Ring Binder, Blue, 1""",19.824,6,0.2,6.6906
6631,CA-2016-105081,12/25/2016,12/30/2016,Standard Class,JE-15715,Joe Elijah,Consumer,United States,Seattle,Washington,98115,West,FUR-CH-10000847,"{'MainCategory': 'Furniture', 'SubCategory': 'Chairs'}",Global Executive Mid-Back Manager's Chair,698.352,3,0.2,52.3764
95,CA-2015-149587,1/31/2015,2/5/2015,Second Class,KB-16315,Karl Braun,Consumer,United States,Minneapolis,Minnesota,55407,Central,OFF-BI-10002852,"{'MainCategory': 'Office Supplies', 'SubCategory': 'Binders'}",Ibico Standard Transparent Covers,32.96,2,0,16.1504
8424,CA-2017-150091,10/12/2017,10/16/2017,Standard Class,NP-18670,Nora Paige,Consumer,United States,Lakewood,New Jersey,8701,East,FUR-FU-10004053,"{'MainCategory': 'Furniture', 'SubCategory': 'Furnishings'}",DAX Two-Tone Silver Metal Document Frame,40.48,2,0,17.4064
9148,US-2016-165505,1/23/2016,1/27/2016,Standard Class,CB-12535,Claudia Bergmann,Corporate,United States,Burlington,Vermont,5408,East,OFF-AR-10003477,"{'MainCategory': 'Office Supplies', 'SubCategory': 'Art'}",4009 Highlighters,8.04,6,0,2.7336
9099,CA-2017-152933,10/12/2017,10/16/2017,Standard Class,MG-17650,Matthew Grinstein,Home Office,United States,Dallas,Texas,75081,Central,TEC-PH-10002085,"{'MainCategory': 'Technology', 'SubCategory': 'Phones'}",Clarity 53712,369.544,7,0.2,27.7158
7039,CA-2017-161970,9/22/2017,9/27/2017,Standard Class,PB-19105,Peter Bühler,Consumer,United States,Smyrna,Georgia,30080,South,OFF-AR-10003896,"{'MainCategory': 'Office Supplies', 'SubCategory': 'Art'}","Stride Job 150 Highlighters, Chisel Tip, Assorted Colors",17.94,3,0,6.4584
2390,US-2015-127040,12/6/2015,12/10/2015,Standard Class,SG-20605,Speros Goranitis,Consumer,United States,New York City,New York,10009,East,OFF-PA-10004255,"{'MainCategory': 'Office Supplies', 'SubCategory': 'Paper'}",Xerox 219,6.48,1,0,3.1104
6530,CA-2014-103744,2/23/2014,2/27/2014,Standard Class,MG-17875,Michael Grace,Home Office,United States,El Paso,Texas,79907,Central,OFF-LA-10004425,"{'MainCategory': 'Office Supplies', 'SubCategory': 'Labels'}",Staple-on labels,6.936,3,0.2,2.3409
6710,CA-2015-123141,11/14/2015,11/19/2015,Standard Class,GZ-14470,Gary Zandusky,Consumer,United States,Rio Rancho,New Mexico,87124,West,FUR-CH-10001891,"{'MainCategory': 'Furniture', 'SubCategory': 'Chairs'}",Global Deluxe Office Fabric Chairs,230.352,3,0.2,20.1558
7419,US-2016-114013,3/13/2016,3/15/2016,Second Class,SC-20770,Stewart Carmichael,Corporate,United States,Philadelphia,Pennsylvania,19134,East,OFF-BI-10004318,"{'MainCategory': 'Office Supplies', 'SubCategory': 'Binders'}",Ibico EB-19 Dual Function Manual Binding System,51.897,1,0.7,-41.5176
1862,US-2017-121251,3/26/2017,3/27/2017,First Class,GM-14440,Gary McGarr,Consumer,United States,New York City,New York,10009,East,TEC-PH-10004896,"{'MainCategory': 'Technology', 'SubCategory': 'Phones'}",Nokia Lumia 521 (T-Mobile),119.96,4,0,33.5888
3079,CA-2014-104780,5/21/2014,5/25/2014,Standard Class,BT-11530,Bradley Talbott,Home Office,United States,San Diego,California,92037,West,OFF-AR-10003514,"{'MainCategory': 'Office Supplies', 'SubCategory': 'Art'}",4009 Highlighters by Sanford,31.84,8,0,10.5072
9345,CA-2017-109085,2/17/2017,2/20/2017,First Class,CK-12325,Christine Kargatis,Home Office,United States,Troy,Ohio,45373,East,OFF-BI-10001525,"{'MainCategory': 'Office Supplies', 'SubCategory': 'Binders'}","Acco Pressboard Covers with Storage Hooks, 14 7/8"" x 11"", Executive Red",5.715,5,0.7,-4.7625
3465,CA-2017-128699,12/3/2017,12/5/2017,Second Class,ND-18370,Natalie DeCherney,Consumer,United States,Jacksonville,Florida,32216,South,TEC-AC-10001990,"{'MainCategory': 'Technology', 'SubCategory': 'Accessories'}",Kensington Orbit Wireless Mobile Trackball for PC and Mac,47.992,1,0.2,7.1988
5494,CA-2014-105249,11/28/2014,11/28/2014,Same Day,DH-13675,Duane Huffman,Home Office,United States,San Francisco,California,94122,West,OFF-LA-10002043,"{'MainCategory': 'Office Supplies', 'SubCategory': 'Labels'}",Avery 489,41.4,4,0,19.872
2019,CA-2015-113110,3/19/2015,3/23/2015,Standard Class,BK-11260,Berenike Kampe,Consumer,United States,San Bernardino,California,92404,West,OFF-SU-10001165,"{'MainCategory': 'Office Supplies', 'SubCategory': 'Supplies'}",Acme Elite Stainless Steel Scissors,33.36,4,0,8.6736
6657,CA-2017-135937,2/20/2017,2/27/2017,Standard Class,KM-16375,Katherine Murray,Home Office,United States,Gilbert,Arizona,85234,West,OFF-ST-10000563,"{'MainCategory': 'Office Supplies', 'SubCategory': 'Storage'}",Fellowes Bankers Box Stor/Drawer Steel Plus,51.168,2,0.2,-6.396
7639,CA-2017-104885,3/2/2017,3/8/2017,Standard Class,DB-13555,Dorothy Badders,Corporate,United States,Newark,Delaware,19711,East,OFF-EN-10003286,"{'MainCategory': 'Office Supplies', 'SubCategory': 'Envelopes'}",Staple envelope,57.96,7,0,27.2412
5424,CA-2017-103009,11/3/2017,11/5/2017,Second Class,PJ-18835,Patrick Jones,Corporate,United States,Richmond,Kentucky,40475,South,OFF-PA-10001215,"{'MainCategory': 'Office Supplies', 'SubCategory': 'Paper'}",Xerox 1963,26.4,5,0,11.88
1334,CA-2014-122567,2/16/2014,2/21/2014,Standard Class,MN-17935,Michael Nguyen,Consumer,United States,Dallas,Texas,75220,Central,OFF-AP-10001303,"{'MainCategory': 'Office Supplies', 'SubCategory': 'Appliances'}","Holmes Cool Mist Humidifier for the Whole House with 8-Gallon Output per Day, Extended Life Filter",7.96,2,0.8,-13.93
4686,CA-2016-159912,8/29/2016,9/3/2016,Standard Class,GB-14530,George Bell,Corporate,United States,Philadelphia,Pennsylvania,19120,East,OFF-BI-10002071,"{'MainCategory': 'Office Supplies', 'SubCategory': 'Binders'}",Fellowes Black Plastic Comb Bindings,3.486,2,0.7,-2.7888
8267,CA-2014-118304,4/29/2014,5/4/2014,Standard Class,KH-16360,Katherine Hughes,Consumer,United States,Dover,Delaware,19901,East,TEC-PH-10000376,"{'MainCategory': 'Technology', 'SubCategory': 'Phones'}",Square Credit Card Reader,19.98,2,0,5.1948
6107,CA-2014-120852,12/20/2014,12/25/2014,Standard Class,WB-21850,William Brown,Consumer,United States,Grand Prairie,Texas,75051,Central,OFF-AP-10001563,"{'MainCategory': 'Office Supplies', 'SubCategory': 'Appliances'}",Belkin Premiere Surge Master II 8-outlet surge protector,19.432,2,0.8,-49.5516
3707,CA-2017-160087,3/18/2017,3/22/2017,Standard Class,EN-13780,Edward Nazzal,Consumer,United States,Dallas,Texas,75220,Central,OFF-AR-10001915,"{'MainCategory': 'Office Supplies', 'SubCategory': 'Art'}",Peel-Off China Markers,23.832,3,0.2,6.5538
6592,CA-2015-103716,4/30/2015,5/6/2015,Standard Class,KB-16585,Ken Black,Corporate,United States,San Francisco,California,94110,West,OFF-AR-10000658,"{'MainCategory': 'Office Supplies', 'SubCategory': 'Art'}",Newell 324,34.65,3,0,9.702
8850,CA-2015-140718,7/2/2015,7/4/2015,First Class,FA-14230,Frank Atkinson,Corporate,United States,Raleigh,North Carolina,27604,South,FUR-FU-10000076,"{'MainCategory': 'Furniture', 'SubCategory': 'Furnishings'}",24-Hour Round Wall Clock,159.84,10,0.2,45.954
180,CA-2015-137225,12/15/2015,12/19/2015,Standard Class,JK-15640,Jim Kriz,Home Office,United States,New York City,New York,10009,East,OFF-AR-10001940,"{'MainCategory': 'Office Supplies', 'SubCategory': 'Art'}","Sanford Colorific Eraseable Coloring Pencils, 12 Count",3.28,1,0,1.4104
7604,CA-2016-152520,7/8/2016,7/12/2016,Standard Class,TH-21115,Thea Hudgings,Corporate,United States,Providence,Rhode Island,2908,East,OFF-PA-10000289,"{'MainCategory': 'Office Supplies', 'SubCategory': 'Paper'}",Xerox 213,12.96,2,0,6.2208
2414,CA-2014-151295,11/12/2014,11/16/2014,Standard Class,JA-15970,Joseph Airdo,Consumer,United States,Los Angeles,California,90045,West,FUR-TA-10002356,"{'MainCategory': 'Furniture', 'SubCategory': 'Tables'}",Bevis Boat-Shaped Conference Table,629.064,3,0.2,31.4532
3865,CA-2015-157133,11/28/2015,12/3/2015,Standard Class,LC-16885,Lena Creighton,Consumer,United States,Champaign,Illinois,61821,Central,FUR-FU-10004904,"{'MainCategory': 'Furniture', 'SubCategory': 'Furnishings'}","Eldon ""L"" Workstation Diamond Chairmat",151.96,5,0.6,-182.352
8724,US-2016-135209,12/29/2016,12/31/2016,Second Class,MH-17290,Marc Harrigan,Home Office,United States,Miami,Florida,33178,South,OFF-PA-10002986,"{'MainCategory': 'Office Supplies', 'SubCategory': 'Paper'}",Xerox 1898,37.408,7,0.2,13.0928
8150,CA-2014-167997,1/26/2014,1/29/2014,First Class,CA-11965,Carol Adams,Corporate,United States,Rapid City,South Dakota,57701,Central,OFF-BI-10001758,"{'MainCategory': 'Office Supplies', 'SubCategory': 'Binders'}",Wilson Jones 14 Line Acrylic Coated Pressboard Data Binders,10.68,2,0,5.0196
2674,CA-2014-126403,9/9/2014,9/12/2014,Second Class,RR-19525,Rick Reed,Corporate,United States,Lowell,Massachusetts,1852,East,OFF-ST-10000078,"{'MainCategory': 'Office Supplies', 'SubCategory': 'Storage'}",Tennsco 6- and 18-Compartment Lockers,1325.85,5,0,238.653
4045,CA-2015-137750,6/25/2015,6/30/2015,Standard Class,JF-15565,Jill Fjeld,Consumer,United States,San Francisco,California,94110,West,FUR-FU-10001979,"{'MainCategory': 'Furniture', 'SubCategory': 'Furnishings'}",Dana Halogen Swing-Arm Architect Lamp,204.85,5,0,57.358
1621,CA-2017-108560,7/8/2017,7/15/2017,Standard Class,JC-15385,Jenna Caffey,Consumer,United States,Kent,Washington,98031,West,FUR-FU-10002937,"{'MainCategory': 'Furniture', 'SubCategory': 'Furnishings'}","GE 48"" Fluorescent Tube, Cool White Energy Saver, 34 Watts, 30/Box",198.46,2,0,99.23
4925,CA-2017-114055,12/25/2017,12/29/2017,Second Class,MH-18115,Mick Hernandez,Home Office,United States,Huntsville,Alabama,35810,South,TEC-PH-10002890,"{'MainCategory': 'Technology', 'SubCategory': 'Phones'}",AT&T 17929 Lendline Telephone,90.48,2,0,23.5248
434,CA-2016-127369,6/6/2016,6/7/2016,First Class,DB-13060,Dave Brooks,Consumer,United States,Lowell,Massachusetts,1852,East,OFF-ST-10003306,"{'MainCategory': 'Office Supplies', 'SubCategory': 'Storage'}",Letter Size Cart,714.3,5,0,207.147
393,US-2014-135972,9/21/2014,9/23/2014,Second Class,JG-15115,Jack Garza,Consumer,United States,Des Moines,Washington,98198,West,TEC-CO-10002313,"{'MainCategory': 'Technology', 'SubCategory': 'Copiers'}",Canon PC1080F Personal Copier,1799.97,3,0,701.9883
9543,CA-2015-135251,8/6/2015,8/10/2015,Standard Class,RP-19270,Rachel Payne,Corporate,United States,Houston,Texas,77095,Central,OFF-BI-10001097,"{'MainCategory': 'Office Supplies', 'SubCategory': 'Binders'}",Avery Hole Reinforcements,6.23,5,0.8,-9.6565
2493,CA-2014-144624,11/19/2014,11/23/2014,Standard Class,JM-15865,John Murray,Consumer,United States,Jamestown,New York,14701,East,TEC-PH-10002885,"{'MainCategory': 'Technology', 'SubCategory': 'Phones'}",Apple iPhone 5,4548.81,7,0,1228.1787
1935,CA-2017-101245,11/27/2017,12/3/2017,Standard Class,LW-16990,Lindsay Williams,Corporate,United States,San Francisco,California,94109,West,OFF-PA-10003129,"{'MainCategory': 'Office Supplies', 'SubCategory': 'Paper'}",Tops White Computer Printout Paper,244.55,5,0,114.9385
1634,CA-2016-106530,5/8/2016,5/8/2016,Same Day,CL-12565,Clay Ludtke,Consumer,United States,Cleveland,Ohio,44105,East,OFF-ST-10000649,"{'MainCategory': 'Office Supplies', 'SubCategory': 'Storage'}",Hanging Personal Folder File,25.12,2,0.2,1.57
5737,CA-2014-148614,1/20/2014,1/25/2014,Standard Class,MV-17485,Mark Van Huff,Consumer,United States,Los Angeles,California,90049,West,OFF-PA-10002893,"{'MainCategory': 'Office Supplies', 'SubCategory': 'Paper'}","Wirebound Service Call Books, 5 1/2"" x 4""",19.36,2,0,9.2928
7043,US-2017-165358,7/18/2017,7/23/2017,Standard Class,SV-20365,Seth Vernon,Consumer,United States,Philadelphia,Pennsylvania,19134,East,TEC-CO-10001943,"{'MainCategory': 'Technology', 'SubCategory': 'Copiers'}",Canon PC-428 Personal Copier,599.97,5,0.4,69.9965
3091,CA-2016-112123,3/3/2016,3/8/2016,Standard Class,BH-11710,Brosina Hoffman,Consumer,United States,Newark,Delaware,19711,East,OFF-BI-10001071,"{'MainCategory': 'Office Supplies', 'SubCategory': 'Binders'}",GBC ProClick Punch Binding System,447.86,7,0,219.4514
6046,CA-2015-113215,9/3/2015,9/8/2015,Standard Class,CP-12085,Cathy Prescott,Corporate,United States,Tucson,Arizona,85705,West,FUR-FU-10002937,"{'MainCategory': 'Furniture', 'SubCategory': 'Furnishings'}","GE 48"" Fluorescent Tube, Cool White Energy Saver, 34 Watts, 30/Box",238.152,3,0.2,89.307
5356,CA-2014-113768,5/13/2014,5/19/2014,Standard Class,AH-10030,Aaron Hawkins,Corporate,United States,Los Angeles,California,90004,West,OFF-PA-10003063,"{'MainCategory': 'Office Supplies', 'SubCategory': 'Paper'}",EcoTones Memo Sheets,8,2,0,3.84
5219,CA-2017-167080,6/10/2017,6/14/2017,Standard Class,LC-16930,Linda Cazamias,Corporate,United States,New York City,New York,10011,East,OFF-AR-10001868,"{'MainCategory': 'Office Supplies', 'SubCategory': 'Art'}",Prang Dustless Chalk Sticks,8.4,5,0,4.2
6428,CA-2016-143714,5/23/2016,5/27/2016,Standard Class,CC-12370,Christopher Conant,Consumer,United States,Philadelphia,Pennsylvania,19120,East,OFF-PA-10000029,"{'MainCategory': 'Office Supplies', 'SubCategory': 'Paper'}",Xerox 224,10.368,2,0.2,3.6288
9656,CA-2014-156160,9/22/2014,9/29/2014,Standard Class,AS-10090,Adam Shillingsburg,Consumer,United States,New York City,New York,10035,East,FUR-FU-10001876,"{'MainCategory': 'Furniture', 'SubCategory': 'Furnishings'}","Computer Room Manger, 14""",97.44,3,0,35.0784
6892,CA-2017-164756,9/18/2017,9/22/2017,Standard Class,SS-20140,Saphhira Shifley,Corporate,United States,Columbus,Georgia,31907,South,OFF-AR-10000380,"{'MainCategory': 'Office Supplies', 'SubCategory': 'Art'}","Hunt PowerHouse Electric Pencil Sharpener, Blue",113.94,3,0,34.182
6647,US-2016-127334,12/15/2016,12/21/2016,Standard Class,MP-18175,Mike Pelletier,Home Office,United States,Springfield,Oregon,97477,West,FUR-TA-10003473,"{'MainCategory': 'Furniture', 'SubCategory': 'Tables'}",Bretford Rectangular Conference Table Tops,564.195,3,0.5,-304.6653
5881,CA-2016-133935,9/18/2016,9/22/2016,Standard Class,JW-15220,Jane Waco,Corporate,United States,San Diego,California,92105,West,FUR-CH-10001215,"{'MainCategory': 'Furniture', 'SubCategory': 'Chairs'}",Global Troy Executive Leather Low-Back Tilter,801.568,2,0.2,50.098
5149,CA-2017-128734,12/24/2017,12/31/2017,Standard Class,JL-15175,James Lanier,Home Office,United States,Chandler,Arizona,85224,West,FUR-CH-10001394,"{'MainCategory': 'Furniture', 'SubCategory': 'Chairs'}",Global Leather Executive Chair,842.376,3,0.2,105.297
4744,CA-2017-168123,3/5/2017,3/5/2017,Same Day,JD-16060,Julia Dunbar,Consumer,United States,Rochester,Minnesota,55901,Central,OFF-FA-10002763,"{'MainCategory': 'Office Supplies', 'SubCategory': 'Fasteners'}",Advantus Map Pennant Flags and Round Head Tacks,7.9,2,0,2.528
625,CA-2015-138009,11/29/2015,12/3/2015,Standard Class,SF-20965,Sylvia Foulston,Corporate,United States,Dearborn,Michigan,48126,Central,OFF-ST-10001272,"{'MainCategory': 'Office Supplies', 'SubCategory': 'Storage'}","Mini 13-1/2 Capacity Data Binder Rack, Pearl",523.48,4,0,130.87
4550,CA-2015-126557,7/12/2015,7/17/2015,Second Class,RL-19615,Rob Lucas,Consumer,United States,Chicago,Illinois,60610,Central,TEC-PH-10003963,"{'MainCategory': 'Technology', 'SubCategory': 'Phones'}",GE 2-Jack Phone Line Splitter,659.168,4,0.2,49.4376
1126,US-2014-147627,1/20/2014,1/26/2014,Standard Class,HL-15040,Hunter Lopez,Consumer,United States,Jonesboro,Arkansas,72401,South,OFF-EN-10001539,"{'MainCategory': 'Office Supplies', 'SubCategory': 'Envelopes'}",Staple envelope,23.34,3,0,10.9698
3450,CA-2014-168592,9/8/2014,9/14/2014,Standard Class,DP-13390,Dennis Pardue,Home Office,United States,San Francisco,California,94110,West,OFF-AP-10004785,"{'MainCategory': 'Office Supplies', 'SubCategory': 'Appliances'}","Holmes Replacement Filter for HEPA Air Cleaner, Medium Room",56.65,5,0,24.3595
4689,US-2017-154851,3/30/2017,4/3/2017,Standard Class,BP-11155,Becky Pak,Consumer,United States,Lancaster,Pennsylvania,17602,East,OFF-BI-10001525,"{'MainCategory': 'Office Supplies', 'SubCategory': 'Binders'}","Acco Pressboard Covers with Storage Hooks, 14 7/8"" x 11"", Executive Red",5.715,5,0.7,-4.7625
4303,CA-2014-123253,8/22/2014,8/25/2014,Second Class,DE-13255,Deanra Eno,Home Office,United States,Lakewood,Ohio,44107,East,OFF-AR-10002804,"{'MainCategory': 'Office Supplies', 'SubCategory': 'Art'}",Faber Castell Col-Erase Pencils,3.912,1,0.2,1.0269
8821,CA-2017-100622,11/3/2017,11/7/2017,Standard Class,DK-13090,Dave Kipp,Consumer,United States,Orlando,Florida,32839,South,TEC-CO-10003236,"{'MainCategory': 'Technology', 'SubCategory': 'Copiers'}",Canon Image Class D660 Copier,959.984,2,0.2,311.9948
5249,US-2017-110989,11/3/2017,11/5/2017,Second Class,EJ-14155,Eva Jacobs,Consumer,United States,Seattle,Washington,98105,West,TEC-AC-10002345,"{'MainCategory': 'Technology', 'SubCategory': 'Accessories'}",HP Standard 104 key PS/2 Keyboard,43.5,3,0,10.875
6565,CA-2014-166086,5/7/2014,5/12/2014,Standard Class,CT-11995,Carol Triggs,Consumer,United States,Lawrence,Massachusetts,1841,East,OFF-AR-10002578,"{'MainCategory': 'Office Supplies', 'SubCategory': 'Art'}",Newell 335,8.64,3,0,2.5056
9222,CA-2017-103212,10/13/2017,10/14/2017,First Class,MH-18025,Michelle Huthwaite,Consumer,United States,Lafayette,Louisiana,70506,South,FUR-TA-10003473,"{'MainCategory': 'Furniture', 'SubCategory': 'Tables'}",Bretford Rectangular Conference Table Tops,1504.52,4,0,346.0396
39,CA-2015-117415,12/27/2015,12/31/2015,Standard Class,SN-20710,Steve Nguyen,Home Office,United States,Houston,Texas,77041,Central,FUR-BO-10002545,"{'MainCategory': 'Furniture', 'SubCategory': 'Bookcases'}","Atlantic Metals Mobile 3-Shelf Bookcases, Custom Colors",532.3992,3,0.32,-46.9764
6717,CA-2016-134789,4/8/2016,4/15/2016,Standard Class,CK-12325,Christine Kargatis,Home Office,United States,Hot Springs,Arkansas,71901,South,OFF-FA-10002280,"{'MainCategory': 'Office Supplies', 'SubCategory': 'Fasteners'}",Advantus Plastic Paper Clips,30,6,0,14.4
8125,US-2017-150070,9/7/2017,9/12/2017,Standard Class,JA-15970,Joseph Airdo,Consumer,United States,Modesto,California,95351,West,FUR-CH-10004860,"{'MainCategory': 'Furniture', 'SubCategory': 'Chairs'}",Global Low Back Tilter Chair,161.568,2,0.2,-28.2744
5458,CA-2017-130631,12/29/2017,1/2/2018,Standard Class,BS-11755,Bruce Stewart,Consumer,United States,Edmonds,Washington,98026,West,FUR-FU-10004093,"{'MainCategory': 'Furniture', 'SubCategory': 'Furnishings'}",Hand-Finished Solid Wood Document Frame,68.46,2,0,20.538
7860,CA-2014-103429,5/30/2014,6/1/2014,First Class,LW-16825,Laurel Workman,Corporate,United States,New York City,New York,10024,East,OFF-PA-10001712,"{'MainCategory': 'Office Supplies', 'SubCategory': 'Paper'}",Xerox 1948,39.96,4,0,17.982
2754,CA-2015-155306,4/17/2015,4/21/2015,Standard Class,GA-14515,George Ashbrook,Consumer,United States,San Francisco,California,94122,West,TEC-AC-10003174,"{'MainCategory': 'Technology', 'SubCategory': 'Accessories'}",Plantronics S12 Corded Telephone Headset System,323.37,3,0,129.348
7383,CA-2016-105732,9/13/2016,9/18/2016,Standard Class,AG-10270,Alejandro Grove,Consumer,United States,Omaha,Nebraska,68104,Central,OFF-SU-10004782,"{'MainCategory': 'Office Supplies', 'SubCategory': 'Supplies'}","Elite 5"" Scissors",16.9,2,0,5.07
1277,CA-2016-119186,5/26/2016,5/26/2016,Same Day,MS-17710,Maurice Satty,Consumer,United States,Fort Worth,Texas,76106,Central,TEC-AC-10000580,"{'MainCategory': 'Technology', 'SubCategory': 'Accessories'}",Logitech G13 Programmable Gameboard with LCD Display,63.992,1,0.2,-7.1991
321,CA-2014-164973,11/4/2014,11/9/2014,Standard Class,NM-18445,Nathan Mautz,Home Office,United States,New York City,New York,10024,East,TEC-AC-10000892,"{'MainCategory': 'Technology', 'SubCategory': 'Accessories'}",NETGEAR N750 Dual Band Wi-Fi Gigabit Router,360,4,0,129.6
538,CA-2015-147851,12/3/2015,12/8/2015,Standard Class,MP-17470,Mark Packer,Home Office,United States,New York City,New York,10009,East,OFF-BI-10004528,"{'MainCategory': 'Office Supplies', 'SubCategory': 'Binders'}",Cardinal Poly Pocket Divider Pockets for Ring Binders,10.752,4,0.2,3.36
1979,CA-2015-109939,5/8/2015,5/12/2015,Standard Class,AA-10375,Allen Armold,Consumer,United States,Salem,Oregon,97301,West,OFF-AR-10000127,"{'MainCategory': 'Office Supplies', 'SubCategory': 'Art'}",Newell 321,5.248,2,0.2,0.5904
6220,CA-2016-160220,10/20/2016,10/26/2016,Standard Class,JS-16030,Joy Smith,Consumer,United States,Trenton,Michigan,48183,Central,TEC-PH-10001557,"{'MainCategory': 'Technology', 'SubCategory': 'Phones'}",Pyle PMP37LED,191.98,2,0,51.8346
796,CA-2017-151428,9/21/2017,9/26/2017,Standard Class,RH-19495,Rick Hansen,Consumer,United States,Rochester,Minnesota,55901,Central,OFF-BI-10000546,"{'MainCategory': 'Office Supplies', 'SubCategory': 'Binders'}",Avery Durable Binders,20.16,7,0,9.8784
9211,CA-2017-142776,12/11/2017,12/14/2017,Second Class,RS-19870,Roy Skaria,Home Office,United States,Burlington,Iowa,52601,Central,OFF-BI-10002012,"{'MainCategory': 'Office Supplies', 'SubCategory': 'Binders'}",Wilson Jones Easy Flow II Sheet Lifters,5.4,3,0,2.592
337,CA-2015-137946,9/1/2015,9/4/2015,Second Class,DB-13615,Doug Bickford,Consumer,United States,Los Angeles,California,90045,West,OFF-BI-10004140,"{'MainCategory': 'Office Supplies', 'SubCategory': 'Binders'}",Avery Non-Stick Binders,14.368,4,0.2,4.49
1152,CA-2015-113971,5/8/2015,5/14/2015,Standard Class,CB-12535,Claudia Bergmann,Corporate,United States,Cuyahoga Falls,Ohio,44221,East,FUR-FU-10001852,"{'MainCategory': 'Furniture', 'SubCategory': 'Furnishings'}","Eldon Regeneration Recycled Desk Accessories, Smoke",8.352,6,0.2,1.2528
5467,CA-2014-107706,2/14/2014,2/19/2014,Second Class,ST-20530,Shui Tom,Consumer,United States,Houston,Texas,77095,Central,OFF-PA-10000466,"{'MainCategory': 'Office Supplies', 'SubCategory': 'Paper'}","Memo Book, 100 Message Capacity, 5 3/8” x 11”",16.176,3,0.2,6.066
8894,CA-2014-124723,8/5/2014,8/12/2014,Standard Class,GZ-14470,Gary Zandusky,Consumer,United States,Texas City,Texas,77590,Central,FUR-TA-10001307,"{'MainCategory': 'Furniture', 'SubCategory': 'Tables'}","SAFCO PlanMaster Heigh-Adjustable Drafting Table Base, 43w x 30d x 30-37h, Black",489.23,2,0.3,41.934
6624,CA-2014-130449,9/6/2014,9/9/2014,First Class,VP-21760,Victoria Pisteka,Corporate,United States,San Francisco,California,94109,West,OFF-LA-10001934,"{'MainCategory': 'Office Supplies', 'SubCategory': 'Labels'}",Avery 516,58.48,8,0,27.4856
2473,US-2016-135923,1/22/2016,1/28/2016,Standard Class,CM-11935,Carlos Meador,Consumer,United States,Fayetteville,North Carolina,28314,South,OFF-AP-10000692,"{'MainCategory': 'Office Supplies', 'SubCategory': 'Appliances'}",Fellowes Mighty 8 Compact Surge Protector,64.864,4,0.2,6.4864
4240,CA-2017-158673,12/29/2017,1/4/2018,Standard Class,KB-16600,Ken Brennan,Corporate,United States,Grand Rapids,Michigan,49505,Central,OFF-PA-10000994,"{'MainCategory': 'Office Supplies', 'SubCategory': 'Paper'}",Xerox 1915,209.7,2,0,100.656
1013,CA-2017-118437,6/17/2017,6/21/2017,Second Class,PF-19165,Philip Fox,Consumer,United States,Olympia,Washington,98502,West,OFF-ST-10003722,"{'MainCategory': 'Office Supplies', 'SubCategory': 'Storage'}",Project Tote Personal File,14.03,1,0,4.0687
3428,US-2017-111024,7/3/2017,7/6/2017,Second Class,SZ-20035,Sam Zeldin,Home Office,United States,Lancaster,Ohio,43130,East,OFF-PA-10000174,"{'MainCategory': 'Office Supplies', 'SubCategory': 'Paper'}","Message Book, Wirebound, Four 5 1/2"" X 4"" Forms/Pg., 200 Dupl. Sets/Book",32.896,4,0.2,11.1024
1350,CA-2014-118339,3/17/2014,3/24/2014,Standard Class,BN-11515,Bradley Nguyen,Consumer,United States,Lakeville,Minnesota,55044,Central,OFF-BI-10000136,"{'MainCategory': 'Office Supplies', 'SubCategory': 'Binders'}",Avery Non-Stick Heavy Duty View Round Locking Ring Binders,35.88,6,0,17.2224
7121,US-2014-147774,1/20/2014,1/26/2014,Standard Class,MM-18280,Muhammed MacIntyre,Corporate,United States,Smyrna,Tennessee,37167,South,OFF-BI-10003091,"{'MainCategory': 'Office Supplies', 'SubCategory': 'Binders'}",GBC DocuBind TL200 Manual Binding Machine,67.194,1,0.7,-51.5154
5248,US-2015-168914,5/21/2015,5/27/2015,Standard Class,JE-15745,Joel Eaton,Consumer,United States,Frankfort,Illinois,60423,Central,OFF-AP-10000358,"{'MainCategory': 'Office Supplies', 'SubCategory': 'Appliances'}",Fellowes Basic Home/Office Series Surge Protectors,20.768,8,0.8,-52.9584
1348,CA-2014-118339,3/17/2014,3/24/2014,Standard Class,BN-11515,Bradley Nguyen,Consumer,United States,Lakeville,Minnesota,55044,Central,OFF-AR-10003829,"{'MainCategory': 'Office Supplies', 'SubCategory': 'Art'}",Newell 35,19.68,6,0,5.7072
6570,CA-2014-100678,4/18/2014,4/22/2014,Standard Class,KM-16720,Kunst Miller,Consumer,United States,Houston,Texas,77095,Central,FUR-CH-10002602,"{'MainCategory': 'Furniture', 'SubCategory': 'Chairs'}",DMI Arturo Collection Mission-style Design Wood Chair,317.058,3,0.3,-18.1176
1425,CA-2015-124800,9/26/2015,9/30/2015,Standard Class,RW-19540,Rick Wilson,Corporate,United States,Mesa,Arizona,85204,West,TEC-PH-10001750,"{'MainCategory': 'Technology', 'SubCategory': 'Phones'}",Samsung Rugby III,263.96,5,0.2,23.0965
468,US-2015-101399,1/17/2015,1/24/2015,Standard Class,JS-15940,Joni Sundaresam,Home Office,United States,Park Ridge,Illinois,60068,Central,FUR-FU-10002918,"{'MainCategory': 'Furniture', 'SubCategory': 'Furnishings'}",Eldon ClusterMat Chair Mat with Cordless Antistatic Protection,254.744,7,0.6,-312.0614
4995,CA-2015-153038,12/18/2015,12/25/2015,Standard Class,RB-19645,Robert Barroso,Corporate,United States,Memphis,Tennessee,38109,South,FUR-FU-10000221,"{'MainCategory': 'Furniture', 'SubCategory': 'Furnishings'}","Master Caster Door Stop, Brown",20.32,5,0.2,3.556
158,CA-2014-104269,3/1/2014,3/6/2014,Second Class,DB-13060,Dave Brooks,Consumer,United States,Seattle,Washington,98115,West,FUR-CH-10004063,"{'MainCategory': 'Furniture', 'SubCategory': 'Chairs'}",Global Deluxe High-Back Manager's Chair,457.568,2,0.2,51.4764
9496,US-2016-123610,5/12/2016,5/16/2016,Standard Class,VM-21835,Vivian Mathis,Consumer,United States,Mission Viejo,California,92691,West,TEC-AC-10004518,"{'MainCategory': 'Technology', 'SubCategory': 'Accessories'}",Memorex Mini Travel Drive 32 GB USB 2.0 Flash Drive,120,6,0,46.8
3215,CA-2016-132409,5/26/2016,6/1/2016,Standard Class,TH-21235,Tiffany House,Corporate,United States,Philadelphia,Pennsylvania,19134,East,OFF-AP-10002082,"{'MainCategory': 'Office Supplies', 'SubCategory': 'Appliances'}",Holmes HEPA Air Purifier,34.848,2,0.2,6.534
5777,CA-2016-105277,12/4/2016,12/8/2016,Standard Class,LM-17065,Liz MacKendrick,Consumer,United States,Auburn,New York,13021,East,OFF-BI-10000301,"{'MainCategory': 'Office Supplies', 'SubCategory': 'Binders'}",GBC Instant Report Kit,15.528,3,0.2,5.823
2056,CA-2017-120376,12/22/2017,12/25/2017,First Class,TP-21130,Theone Pippenger,Consumer,United States,Detroit,Michigan,48227,Central,TEC-AC-10001114,"{'MainCategory': 'Technology', 'SubCategory': 'Accessories'}",Microsoft Wireless Mobile Mouse 4000,199.95,5,0,63.984
8060,CA-2015-121188,8/28/2015,9/4/2015,Standard Class,CB-12025,Cassandra Brandow,Consumer,United States,Los Angeles,California,90049,West,FUR-FU-10003981,"{'MainCategory': 'Furniture', 'SubCategory': 'Furnishings'}",Eldon Wave Desk Accessories,4.16,2,0,1.7472
2648,CA-2014-131002,9/7/2014,9/12/2014,Second Class,TB-21400,Tom Boeckenhauer,Consumer,United States,Tulsa,Oklahoma,74133,Central,OFF-PA-10000223,"{'MainCategory': 'Office Supplies', 'SubCategory': 'Paper'}",Xerox 2000,12.96,2,0,6.2208
8346,US-2014-155544,3/21/2014,3/25/2014,Standard Class,GM-14440,Gary McGarr,Consumer,United States,Knoxville,Tennessee,37918,South,FUR-CH-10000422,"{'MainCategory': 'Furniture', 'SubCategory': 'Chairs'}",Global Highback Leather Tilter in Burgundy,218.376,3,0.2,-10.9188
492,CA-2014-113362,9/14/2014,9/19/2014,Standard Class,AJ-10960,Astrea Jones,Consumer,United States,Rochester,New York,14609,East,OFF-ST-10001809,"{'MainCategory': 'Office Supplies', 'SubCategory': 'Storage'}",Fellowes Officeware Wire Shelving,449.15,5,0,8.983
5753,CA-2016-125850,1/22/2016,1/28/2016,Standard Class,FP-14320,Frank Preis,Consumer,United States,San Diego,California,92037,West,OFF-LA-10004484,"{'MainCategory': 'Office Supplies', 'SubCategory': 'Labels'}",Avery 476,20.65,5,0,9.499
1534,CA-2016-139885,12/4/2016,12/8/2016,Standard Class,EB-13840,Ellis Ballard,Corporate,United States,New York City,New York,10035,East,OFF-ST-10003324,"{'MainCategory': 'Office Supplies', 'SubCategory': 'Storage'}",Belkin OmniView SE Rackmount Kit,212.88,6,0,0
1799,CA-2016-100965,7/7/2016,7/11/2016,Standard Class,RM-19375,Raymond Messe,Consumer,United States,San Jose,California,95123,West,FUR-FU-10003039,"{'MainCategory': 'Furniture', 'SubCategory': 'Furnishings'}","Howard Miller 11-1/2"" Diameter Grantwood Wall Clock",215.65,5,0,73.321
6830,CA-2016-118689,10/2/2016,10/9/2016,Standard Class,TC-20980,Tamara Chand,Corporate,United States,Lafayette,Indiana,47905,Central,OFF-AR-10001958,"{'MainCategory': 'Office Supplies', 'SubCategory': 'Art'}",Stanley Bostitch Contemporary Electric Pencil Sharpeners,33.96,2,0,9.5088
3825,CA-2015-140984,9/14/2015,9/18/2015,Standard Class,CC-12685,Craig Carroll,Consumer,United States,New York City,New York,10011,East,TEC-CO-10001571,"{'MainCategory': 'Technology', 'SubCategory': 'Copiers'}",Sharp 1540cs Digital Laser Copier,879.984,2,0.2,329.994
5071,CA-2014-124478,8/8/2014,8/12/2014,Standard Class,MA-17560,Matt Abelman,Home Office,United States,Trenton,Michigan,48183,Central,OFF-EN-10002500,"{'MainCategory': 'Office Supplies', 'SubCategory': 'Envelopes'}",Globe Weis Peel & Seel First Class Envelopes,38.34,3,0,17.253
9093,CA-2015-162950,6/28/2015,7/3/2015,Second Class,DW-13585,Dorothy Wardle,Corporate,United States,Troy,Ohio,45373,East,FUR-BO-10001918,"{'MainCategory': 'Furniture', 'SubCategory': 'Bookcases'}","Sauder Forest Hills Library with Doors, Woodland Oak Finish",482.94,6,0.5,-376.6932
8746,CA-2015-162376,11/22/2015,11/25/2015,Second Class,HD-14785,Harold Dahlen,Home Office,United States,Cambridge,Massachusetts,2138,East,OFF-PA-10000300,"{'MainCategory': 'Office Supplies', 'SubCategory': 'Paper'}",Xerox 1936,59.94,3,0,28.1718
8630,CA-2015-164084,9/7/2015,9/12/2015,Standard Class,AG-10525,Andy Gerbode,Corporate,United States,New York City,New York,10011,East,FUR-TA-10003569,"{'MainCategory': 'Furniture', 'SubCategory': 'Tables'}",Bretford CR8500 Series Meeting Room Furniture,481.176,2,0.4,-120.294
3857,US-2017-105389,10/23/2017,10/28/2017,Second Class,DM-13015,Darrin Martin,Consumer,United States,San Antonio,Texas,78207,Central,TEC-PH-10002824,"{'MainCategory': 'Technology', 'SubCategory': 'Phones'}",Jabra SPEAK 410 Multidevice Speakerphone,823.96,5,0.2,51.4975
1081,CA-2015-110016,11/29/2015,12/4/2015,Standard Class,BT-11395,Bill Tyler,Corporate,United States,Detroit,Michigan,48227,Central,OFF-PA-10000349,"{'MainCategory': 'Office Supplies', 'SubCategory': 'Paper'}",Easy-staple paper,19.92,4,0,9.3624
6960,CA-2015-167255,9/27/2015,9/29/2015,Second Class,RH-19510,Rick Huthwaite,Home Office,United States,San Francisco,California,94110,West,OFF-PA-10002377,"{'MainCategory': 'Office Supplies', 'SubCategory': 'Paper'}",Xerox 1916,146.82,3,0,73.41
7516,US-2017-167920,12/9/2017,12/12/2017,Second Class,JL-15835,John Lee,Consumer,United States,Richmond,Kentucky,40475,South,OFF-AP-10000159,"{'MainCategory': 'Office Supplies', 'SubCategory': 'Appliances'}",Belkin F9M820V08 8 Outlet Surge,214.9,5,0,62.321
9713,CA-2014-114251,11/5/2014,11/10/2014,Standard Class,MD-17350,Maribeth Dona,Consumer,United States,Philadelphia,Pennsylvania,19143,East,OFF-ST-10003716,"{'MainCategory': 'Office Supplies', 'SubCategory': 'Storage'}",Tennsco Double-Tier Lockers,1080.096,6,0.2,-94.5084
7731,CA-2017-104850,6/13/2017,6/19/2017,Standard Class,TW-21025,Tamara Willingham,Home Office,United States,Seattle,Washington,98103,West,FUR-CH-10003774,"{'MainCategory': 'Furniture', 'SubCategory': 'Chairs'}","Global Wood Trimmed Manager's Task Chair, Khaki",291.136,4,0.2,-25.4744
7454,CA-2017-134796,6/25/2017,7/1/2017,Standard Class,FM-14380,Fred McMath,Consumer,United States,Bolingbrook,Illinois,60440,Central,TEC-PH-10003505,"{'MainCategory': 'Technology', 'SubCategory': 'Phones'}",Geemarc AmpliPOWER60,148.48,2,0.2,16.704
8450,CA-2017-125451,10/23/2017,10/24/2017,First Class,AH-10075,Adam Hart,Corporate,United States,Cranston,Rhode Island,2920,East,OFF-PA-10003724,"{'MainCategory': 'Office Supplies', 'SubCategory': 'Paper'}","Wirebound Message Book, 4 per Page",43.44,8,0,21.2856
5719,CA-2015-124107,10/9/2015,10/12/2015,Second Class,BM-11650,Brian Moss,Corporate,United States,Ann Arbor,Michigan,48104,Central,OFF-AP-10003971,"{'MainCategory': 'Office Supplies', 'SubCategory': 'Appliances'}",Belkin 6 Outlet Metallic Surge Strip,29.403,3,0.1,5.2272
7485,CA-2017-135111,12/28/2017,1/2/2018,Standard Class,CS-12400,Christopher Schild,Home Office,United States,Fargo,North Dakota,58103,Central,OFF-AR-10004707,"{'MainCategory': 'Office Supplies', 'SubCategory': 'Art'}",Staples in misc. colors,2.48,1,0,0.868
2940,US-2016-169040,12/6/2016,12/12/2016,Standard Class,GT-14710,Greg Tran,Consumer,United States,Seattle,Washington,98105,West,OFF-BI-10001658,"{'MainCategory': 'Office Supplies', 'SubCategory': 'Binders'}",GBC Standard Therm-A-Bind Covers,59.808,3,0.2,19.4376
3800,CA-2017-147760,11/4/2017,11/5/2017,First Class,KL-16555,Kelly Lampkin,Corporate,United States,Greensboro,North Carolina,27405,South,TEC-PH-10002483,"{'MainCategory': 'Technology', 'SubCategory': 'Phones'}",Motorola Moto X,1359.96,5,0.2,118.9965
9186,CA-2017-156776,8/7/2017,8/11/2017,Standard Class,JL-15505,Jeremy Lonsdale,Consumer,United States,Westminster,California,92683,West,FUR-CH-10002317,"{'MainCategory': 'Furniture', 'SubCategory': 'Chairs'}",Global Enterprise Series Seating Low-Back Swivel/Tilt Chairs,207.184,1,0.2,25.898
1572,US-2014-157385,11/23/2014,11/25/2014,First Class,SC-20095,Sanjit Chand,Consumer,United States,Los Angeles,California,90004,West,OFF-EN-10003160,"{'MainCategory': 'Office Supplies', 'SubCategory': 'Envelopes'}",Pastel Pink Envelopes,21.84,3,0,10.4832
3792,CA-2015-111325,2/27/2015,2/28/2015,First Class,BT-11395,Bill Tyler,Corporate,United States,Altoona,Pennsylvania,16602,East,OFF-BI-10000343,"{'MainCategory': 'Office Supplies', 'SubCategory': 'Binders'}","Pressboard Covers with Storage Hooks, 9 1/2"" x 11"", Light Blue",4.419,3,0.7,-3.3879
8800,CA-2014-116666,5/8/2014,5/10/2014,First Class,KT-16480,Kean Thornton,Consumer,United States,Philadelphia,Pennsylvania,19134,East,TEC-CO-10001449,"{'MainCategory': 'Technology', 'SubCategory': 'Copiers'}",Hewlett Packard LaserJet 3310 Copier,1799.97,5,0.4,239.996
3903,US-2015-119312,10/2/2015,10/7/2015,Second Class,CS-12400,Christopher Schild,Home Office,United States,Los Angeles,California,90045,West,OFF-ST-10000943,"{'MainCategory': 'Office Supplies', 'SubCategory': 'Storage'}",Eldon ProFile File 'N Store Portable File Tub Letter/Legal Size Black,270.34,14,0,75.6952
7834,CA-2015-128958,1/24/2015,1/28/2015,Standard Class,CR-12820,Cyra Reiten,Home Office,United States,West Palm Beach,Florida,33407,South,OFF-AR-10004757,"{'MainCategory': 'Office Supplies', 'SubCategory': 'Art'}",Crayola Colored Pencils,13.12,5,0.2,2.132
8169,CA-2017-107174,11/6/2017,11/13/2017,Standard Class,AB-10060,Adam Bellavance,Home Office,United States,Seattle,Washington,98105,West,FUR-TA-10004575,"{'MainCategory': 'Furniture', 'SubCategory': 'Tables'}",Hon 5100 Series Wood Tables,2036.86,7,0,366.6348
7416,US-2016-114013,3/13/2016,3/15/2016,Second Class,SC-20770,Stewart Carmichael,Corporate,United States,Philadelphia,Pennsylvania,19134,East,TEC-AC-10000474,"{'MainCategory': 'Technology', 'SubCategory': 'Accessories'}",Kensington Expert Mouse Optical USB Trackball for PC or Mac,379.96,5,0.2,47.495
7436,CA-2015-148180,7/26/2015,7/31/2015,Standard Class,BP-11095,Bart Pistole,Corporate,United States,Oxnard,California,93030,West,OFF-BI-10003314,"{'MainCategory': 'Office Supplies', 'SubCategory': 'Binders'}",Tuff Stuff Recycled Round Ring Binders,23.136,6,0.2,8.3868
9480,CA-2014-126193,9/7/2014,9/14/2014,Standard Class,SS-20410,Shahid Shariari,Consumer,United States,Oswego,Illinois,60543,Central,OFF-BI-10001249,"{'MainCategory': 'Office Supplies', 'SubCategory': 'Binders'}",Avery Heavy-Duty EZD View Binder with Locking Rings,3.828,3,0.8,-6.5076
961,CA-2017-152142,11/14/2017,11/19/2017,Standard Class,LW-16990,Lindsay Williams,Corporate,United States,San Francisco,California,94110,West,FUR-CH-10002965,"{'MainCategory': 'Furniture', 'SubCategory': 'Chairs'}","Global Leather Highback Executive Chair with Pneumatic Height Adjustment, Black",321.568,2,0.2,28.1372
7892,CA-2016-148684,12/25/2016,12/29/2016,Standard Class,TS-21655,Trudy Schmidt,Consumer,United States,Fayetteville,Arkansas,72701,South,FUR-FU-10003553,"{'MainCategory': 'Furniture', 'SubCategory': 'Furnishings'}","Howard Miller 13-1/2"" Diameter Rosebrook Wall Clock",343.85,5,0,137.54
3024,CA-2017-124674,11/17/2017,11/23/2017,Standard Class,JB-16000,Joy Bell-,Consumer,United States,Brownsville,Texas,78521,Central,FUR-BO-10002202,"{'MainCategory': 'Furniture', 'SubCategory': 'Bookcases'}","Atlantic Metals Mobile 2-Shelf Bookcases, Custom Colors",327.7328,2,0.32,-14.4588
695,CA-2015-119291,5/14/2015,5/17/2015,First Class,JO-15550,Jesus Ocampo,Home Office,United States,Chester,Pennsylvania,19013,East,OFF-AR-10003373,"{'MainCategory': 'Office Supplies', 'SubCategory': 'Art'}","Boston School Pro Electric Pencil Sharpener, 1670",198.272,8,0.2,17.3488
264,US-2014-106992,9/19/2014,9/21/2014,Second Class,SB-20290,Sean Braxton,Corporate,United States,Houston,Texas,77036,Central,TEC-MA-10003353,"{'MainCategory': 'Technology', 'SubCategory': 'Machines'}",Xerox WorkCentre 6505DN Laser Multifunction Printer,2519.958,7,0.4,-251.9958
9383,CA-2014-154158,12/23/2014,12/27/2014,Second Class,CC-12670,Craig Carreira,Consumer,United States,Tampa,Florida,33614,South,OFF-AR-10001868,"{'MainCategory': 'Office Supplies', 'SubCategory': 'Art'}",Prang Dustless Chalk Sticks,1.344,1,0.2,0.504
5161,CA-2015-156146,10/26/2015,10/30/2015,Second Class,AG-10495,Andrew Gjertsen,Corporate,United States,Peoria,Arizona,85345,West,TEC-PH-10001527,"{'MainCategory': 'Technology', 'SubCategory': 'Phones'}",Plantronics MX500i Earset,68.72,2,0.2,-14.603
3690,CA-2017-140760,6/2/2017,6/5/2017,Second Class,DO-13435,Denny Ordway,Consumer,United States,Mesa,Arizona,85204,West,OFF-EN-10001141,"{'MainCategory': 'Office Supplies', 'SubCategory': 'Envelopes'}","Manila Recycled Extra-Heavyweight Clasp Envelopes, 6"" x 9""",43.92,5,0.2,15.921
4221,CA-2017-134565,6/11/2017,6/13/2017,Second Class,TB-21400,Tom Boeckenhauer,Consumer,United States,Seattle,Washington,98103,West,OFF-BI-10001759,"{'MainCategory': 'Office Supplies', 'SubCategory': 'Binders'}","Acco Pressboard Covers with Storage Hooks, 14 7/8"" x 11"", Dark Blue",18.288,6,0.2,6.6294
5113,CA-2015-153073,11/13/2015,11/13/2015,Same Day,HA-14905,Helen Abelman,Consumer,United States,Chicago,Illinois,60610,Central,FUR-FU-10001025,"{'MainCategory': 'Furniture', 'SubCategory': 'Furnishings'}","Eldon Imàge Series Desk Accessories, Clear",17.496,9,0.6,-7.4358
7686,CA-2015-116876,2/14/2015,2/21/2015,Standard Class,TT-21070,Ted Trevino,Consumer,United States,Rochester,New York,14609,East,TEC-PH-10002584,"{'MainCategory': 'Technology', 'SubCategory': 'Phones'}",Samsung Galaxy S4,625.99,1,0,187.797
6566,CA-2014-166086,5/7/2014,5/12/2014,Standard Class,CT-11995,Carol Triggs,Consumer,United States,Lawrence,Massachusetts,1841,East,FUR-CH-10004675,"{'MainCategory': 'Furniture', 'SubCategory': 'Chairs'}","Lifetime Advantage Folding Chairs, 4/Carton",872.32,4,0,244.2496
6075,CA-2017-121398,12/25/2017,12/29/2017,Standard Class,FH-14365,Fred Hopkins,Corporate,United States,Los Angeles,California,90008,West,OFF-BI-10001718,"{'MainCategory': 'Office Supplies', 'SubCategory': 'Binders'}",GBC DocuBind P50 Personal Binding Machine,153.552,3,0.2,51.8238
1490,CA-2014-136280,11/29/2014,12/6/2014,Standard Class,Co-12640,Corey-Lock,Consumer,United States,Philadelphia,Pennsylvania,19143,East,OFF-LA-10000452,"{'MainCategory': 'Office Supplies', 'SubCategory': 'Labels'}",Avery 488,5.04,2,0.2,1.764
9273,CA-2016-100510,5/12/2016,5/17/2016,Standard Class,HM-14860,Harry Marie,Corporate,United States,New York City,New York,10024,East,TEC-PH-10001835,"{'MainCategory': 'Technology', 'SubCategory': 'Phones'}",Jawbone JAMBOX Wireless Bluetooth Speaker,631.96,4,0,303.3408
8380,CA-2015-162964,11/12/2015,11/18/2015,Standard Class,MF-18250,Monica Federle,Corporate,United States,Houston,Texas,77095,Central,OFF-EN-10003055,"{'MainCategory': 'Office Supplies', 'SubCategory': 'Envelopes'}","Blue String-Tie & Button Interoffice Envelopes, 10 x 13",223.888,7,0.2,69.965
6025,CA-2017-139717,8/24/2017,8/26/2017,Second Class,DM-13015,Darrin Martin,Consumer,United States,Lancaster,Ohio,43130,East,OFF-AP-10000938,"{'MainCategory': 'Office Supplies', 'SubCategory': 'Appliances'}",Avanti 1.7 Cu. Ft. Refrigerator,646.272,8,0.2,64.6272
365,CA-2017-144904,9/25/2017,10/1/2017,Standard Class,KW-16435,Katrina Willman,Consumer,United States,New York City,New York,10009,East,FUR-FU-10000023,"{'MainCategory': 'Furniture', 'SubCategory': 'Furnishings'}",Eldon Wave Desk Accessories,47.12,8,0,20.7328
4217,CA-2015-111234,2/18/2015,2/22/2015,Standard Class,AB-10600,Ann Blume,Corporate,United States,Los Angeles,California,90004,West,OFF-LA-10002271,"{'MainCategory': 'Office Supplies', 'SubCategory': 'Labels'}",Smead Alpha-Z Color-Coded Second Alphabetical Labels and Starter Set,9.24,3,0,4.4352
6432,CA-2014-165764,11/3/2014,11/7/2014,Standard Class,SH-20395,Shahid Hopkins,Consumer,United States,Jacksonville,North Carolina,28540,South,OFF-BI-10002982,"{'MainCategory': 'Office Supplies', 'SubCategory': 'Binders'}",Avery Self-Adhesive Photo Pockets for Polaroid Photos,14.301,7,0.7,-10.4874
4872,CA-2017-164042,5/23/2017,5/27/2017,Standard Class,KL-16645,Ken Lonsdale,Consumer,United States,Houston,Texas,77095,Central,OFF-FA-10000840,"{'MainCategory': 'Office Supplies', 'SubCategory': 'Fasteners'}",OIC Thumb-Tacks,1.824,2,0.2,0.6156
7237,CA-2014-138737,12/7/2014,12/10/2014,First Class,FP-14320,Frank Preis,Consumer,United States,Los Angeles,California,90049,West,OFF-AR-10003190,"{'MainCategory': 'Office Supplies', 'SubCategory': 'Art'}",Newell 32,8.64,3,0,2.4192
7055,CA-2016-165330,12/11/2016,12/11/2016,Same Day,WB-21850,William Brown,Consumer,United States,Anaheim,California,92804,West,FUR-CH-10003774,"{'MainCategory': 'Furniture', 'SubCategory': 'Chairs'}","Global Wood Trimmed Manager's Task Chair, Khaki",363.92,5,0.2,-31.843
2524,CA-2016-124352,10/15/2016,10/21/2016,Standard Class,CD-12790,Cynthia Delaney,Home Office,United States,Oklahoma City,Oklahoma,73120,Central,OFF-BI-10000977,"{'MainCategory': 'Office Supplies', 'SubCategory': 'Binders'}",Ibico Plastic Spiral Binding Combs,121.6,4,0,55.936
211,CA-2017-135860,12/1/2017,12/7/2017,Standard Class,JH-15985,Joseph Holt,Consumer,United States,Saginaw,Michigan,48601,Central,OFF-ST-10001522,"{'MainCategory': 'Office Supplies', 'SubCategory': 'Storage'}","Gould Plastics 18-Pocket Panel Bin, 34w x 5-1/4d x 20-1/2h",91.99,1,0,3.6796
1966,CA-2017-110905,9/10/2017,9/15/2017,Second Class,RW-19690,Robert Waldorf,Consumer,United States,Springfield,Missouri,65807,Central,OFF-AP-10003281,"{'MainCategory': 'Office Supplies', 'SubCategory': 'Appliances'}",Acco 6 Outlet Guardian Standard Surge Suppressor,24.18,2,0,7.254
5027,US-2017-130953,7/29/2017,8/3/2017,Standard Class,RF-19735,Roland Fjeld,Consumer,United States,Oklahoma City,Oklahoma,73120,Central,OFF-AP-10002311,"{'MainCategory': 'Office Supplies', 'SubCategory': 'Appliances'}","Holmes Replacement Filter for HEPA Air Cleaner, Very Large Room, HEPA Filter",137.62,2,0,60.5528
3277,CA-2014-102988,4/5/2014,4/9/2014,Second Class,GM-14695,Greg Maxwell,Corporate,United States,Alexandria,Virginia,22304,South,OFF-AR-10004757,"{'MainCategory': 'Office Supplies', 'SubCategory': 'Art'}",Crayola Colored Pencils,22.96,7,0,7.5768
5665,CA-2016-141957,7/21/2016,7/21/2016,Same Day,JG-15310,Jason Gross,Corporate,United States,Newark,Ohio,43055,East,OFF-BI-10001116,"{'MainCategory': 'Office Supplies', 'SubCategory': 'Binders'}","Wilson Jones 1"" Hanging DublLock Ring Binders",11.088,7,0.7,-8.1312
7585,CA-2014-163223,3/21/2014,3/25/2014,Standard Class,KH-16690,Kristen Hastings,Corporate,United States,Springfield,Virginia,22153,South,OFF-LA-10004409,"{'MainCategory': 'Office Supplies', 'SubCategory': 'Labels'}",Avery 492,14.4,5,0,6.624
5965,CA-2017-119011,8/20/2017,8/25/2017,Standard Class,LR-17035,Lisa Ryan,Corporate,United States,San Francisco,California,94109,West,OFF-SU-10004768,"{'MainCategory': 'Office Supplies', 'SubCategory': 'Supplies'}",Acme Kleencut Forged Steel Scissors,17.22,3,0,5.166
3785,CA-2017-125752,7/31/2017,8/4/2017,Standard Class,EH-14125,Eugene Hildebrand,Home Office,United States,Fort Lauderdale,Florida,33311,South,TEC-AC-10003590,"{'MainCategory': 'Technology', 'SubCategory': 'Accessories'}","TRENDnet 56K USB 2.0 Phone, Internet and Fax Modem",41.424,2,0.2,8.2848
1857,US-2017-158218,5/12/2017,5/15/2017,Second Class,AC-10420,Alyssa Crouse,Corporate,United States,Houston,Texas,77041,Central,OFF-ST-10000563,"{'MainCategory': 'Office Supplies', 'SubCategory': 'Storage'}",Fellowes Bankers Box Stor/Drawer Steel Plus,127.92,5,0.2,-15.99
2752,CA-2014-158029,5/26/2014,5/30/2014,Standard Class,HF-14995,Herbert Flentye,Consumer,United States,Los Angeles,California,90008,West,FUR-CH-10000988,"{'MainCategory': 'Furniture', 'SubCategory': 'Chairs'}",Hon Olson Stacker Stools,225.296,2,0.2,22.5296
7579,CA-2016-138597,12/18/2016,12/21/2016,First Class,PN-18775,Parhena Norris,Home Office,United States,Omaha,Nebraska,68104,Central,FUR-CH-10004997,"{'MainCategory': 'Furniture', 'SubCategory': 'Chairs'}",Hon Every-Day Series Multi-Task Chairs,563.94,3,0,112.788
3169,CA-2016-138695,5/28/2016,6/3/2016,Standard Class,KC-16675,Kimberly Carter,Corporate,United States,Tallahassee,Florida,32303,South,FUR-CH-10003833,"{'MainCategory': 'Furniture', 'SubCategory': 'Chairs'}",Novimex Fabric Task Chair,390.272,8,0.2,-24.392
8029,CA-2015-132465,9/11/2015,9/15/2015,Second Class,DM-13525,Don Miller,Corporate,United States,New York City,New York,10035,East,OFF-ST-10001932,"{'MainCategory': 'Office Supplies', 'SubCategory': 'Storage'}",Fellowes Staxonsteel Drawer Files,772.68,4,0,108.1752
9237,CA-2016-126732,9/2/2016,9/6/2016,Standard Class,LR-16915,Lena Radford,Consumer,United States,Los Angeles,California,90036,West,FUR-TA-10001539,"{'MainCategory': 'Furniture', 'SubCategory': 'Tables'}",Chromcraft Rectangular Conference Tables,568.728,3,0.2,28.4364
5035,CA-2015-103954,8/9/2015,8/13/2015,Second Class,HR-14770,Hallie Redmond,Home Office,United States,Milwaukee,Wisconsin,53209,Central,FUR-BO-10004690,"{'MainCategory': 'Furniture', 'SubCategory': 'Bookcases'}",O'Sullivan Cherrywood Estates Traditional Barrister Bookcase,687.4,5,0,48.118
138,CA-2016-145583,10/13/2016,10/19/2016,Standard Class,LC-16885,Lena Creighton,Consumer,United States,Roseville,California,95661,West,OFF-BI-10004781,"{'MainCategory': 'Office Supplies', 'SubCategory': 'Binders'}",GBC Wire Binding Strips,76.176,3,0.2,26.6616
163,CA-2016-154508,11/16/2016,11/20/2016,Standard Class,RD-19900,Ruben Dartt,Consumer,United States,Carlsbad,New Mexico,88220,West,OFF-EN-10001990,"{'MainCategory': 'Office Supplies', 'SubCategory': 'Envelopes'}",Staple envelope,28.4,5,0,13.348
6501,CA-2015-103135,7/24/2015,7/28/2015,Standard Class,SS-20515,Shirley Schmidt,Home Office,United States,Louisville,Kentucky,40214,South,OFF-BI-10000069,"{'MainCategory': 'Office Supplies', 'SubCategory': 'Binders'}","GBC Prepunched Paper, 19-Hole, for Binding Systems, 24-lb",90.06,6,0,41.4276
9882,CA-2014-153927,8/12/2014,8/13/2014,First Class,LL-16840,Lauren Leatherbury,Consumer,United States,Woodstock,Georgia,30188,South,OFF-BI-10000138,"{'MainCategory': 'Office Supplies', 'SubCategory': 'Binders'}",Acco Translucent Poly Ring Binders,14.04,3,0,6.7392
2904,CA-2016-153577,6/27/2016,7/1/2016,Standard Class,KH-16330,Katharine Harms,Corporate,United States,Highland Park,Illinois,60035,Central,OFF-PA-10000575,"{'MainCategory': 'Office Supplies', 'SubCategory': 'Paper'}","Wirebound Message Books, Four 2 3/4 x 5 White Forms per Page",37.464,7,0.2,12.1758
3946,CA-2017-167871,11/18/2017,11/23/2017,Standard Class,AF-10870,Art Ferguson,Consumer,United States,Homestead,Florida,33030,South,OFF-PA-10001977,"{'MainCategory': 'Office Supplies', 'SubCategory': 'Paper'}",Xerox 194,44.384,1,0.2,15.5344
4457,US-2015-146745,9/3/2015,9/8/2015,Standard Class,AS-10630,Ann Steele,Home Office,United States,San Francisco,California,94110,West,OFF-BI-10003274,"{'MainCategory': 'Office Supplies', 'SubCategory': 'Binders'}","Avery Durable Slant Ring Binders, No Labels",6.368,2,0.2,2.1492
2709,CA-2015-121797,1/30/2015,2/6/2015,Standard Class,CC-12145,Charles Crestani,Consumer,United States,Los Angeles,California,90049,West,FUR-FU-10001876,"{'MainCategory': 'Furniture', 'SubCategory': 'Furnishings'}","Computer Room Manger, 14""",227.36,7,0,81.8496
8911,CA-2017-102610,11/4/2017,11/8/2017,Standard Class,CA-12265,Christina Anderson,Consumer,United States,Chattanooga,Tennessee,37421,South,TEC-AC-10000303,"{'MainCategory': 'Technology', 'SubCategory': 'Accessories'}",Logitech M510 Wireless Mouse,95.976,3,0.2,15.5961
8559,CA-2016-132829,12/23/2016,12/26/2016,Second Class,LA-16780,Laura Armstrong,Corporate,United States,Houston,Texas,77041,Central,OFF-LA-10002945,"{'MainCategory': 'Office Supplies', 'SubCategory': 'Labels'}","Permanent Self-Adhesive File Folder Labels for Typewriters, 1 1/8 x 3 1/2, White",45.36,9,0.2,14.742
4578,US-2014-121734,4/11/2014,4/16/2014,Standard Class,SE-20110,Sanjit Engle,Consumer,United States,Lewiston,Idaho,83501,West,OFF-BI-10004817,"{'MainCategory': 'Office Supplies', 'SubCategory': 'Binders'}",GBC Personal VeloBind Strips,9.584,1,0.2,3.3544
6019,CA-2014-102652,4/6/2014,4/12/2014,Standard Class,AY-10555,Andy Yotov,Corporate,United States,Los Angeles,California,90049,West,OFF-PA-10001977,"{'MainCategory': 'Office Supplies', 'SubCategory': 'Paper'}",Xerox 194,55.48,1,0,26.6304
9751,CA-2016-113390,10/11/2016,10/15/2016,Standard Class,EP-13915,Emily Phan,Consumer,United States,Chicago,Illinois,60610,Central,OFF-AR-10003183,"{'MainCategory': 'Office Supplies', 'SubCategory': 'Art'}",Avery Fluorescent Highlighter Four-Color Set,5.344,2,0.2,0.668
5778,CA-2016-112060,12/4/2016,12/9/2016,Standard Class,KT-16465,Kean Takahito,Consumer,United States,San Francisco,California,94109,West,OFF-PA-10000994,"{'MainCategory': 'Office Supplies', 'SubCategory': 'Paper'}",Xerox 1915,104.85,1,0,50.328
1675,CA-2015-143077,9/17/2015,9/21/2015,Standard Class,SF-20965,Sylvia Foulston,Corporate,United States,Houston,Texas,77041,Central,FUR-FU-10003535,"{'MainCategory': 'Furniture', 'SubCategory': 'Furnishings'}",Howard Miller Distant Time Traveler Alarm Clock,21.936,2,0.6,-10.4196
4439,CA-2016-162726,12/27/2016,1/2/2017,Standard Class,MT-17815,Meg Tillman,Consumer,United States,Port Arthur,Texas,77642,Central,OFF-PA-10001972,"{'MainCategory': 'Office Supplies', 'SubCategory': 'Paper'}",Xerox 214,10.368,2,0.2,3.6288
4481,CA-2016-109365,11/3/2016,11/8/2016,Standard Class,XP-21865,Xylona Preis,Consumer,United States,Los Angeles,California,90049,West,OFF-FA-10001561,"{'MainCategory': 'Office Supplies', 'SubCategory': 'Fasteners'}",Stockwell Push Pins,15.26,7,0,5.0358
8817,CA-2015-144274,11/23/2015,11/25/2015,Second Class,PW-19240,Pierre Wener,Consumer,United States,Wilmington,Delaware,19805,East,OFF-AR-10001940,"{'MainCategory': 'Office Supplies', 'SubCategory': 'Art'}","Sanford Colorific Eraseable Coloring Pencils, 12 Count",13.12,4,0,5.6416
4057,CA-2014-122931,9/29/2014,10/3/2014,Standard Class,SM-20950,Suzanne McNair,Corporate,United States,Philadelphia,Pennsylvania,19134,East,FUR-TA-10004147,"{'MainCategory': 'Furniture', 'SubCategory': 'Tables'}",Hon 4060 Series Tables,67.176,1,0.4,-20.1528
9657,CA-2014-156160,9/22/2014,9/29/2014,Standard Class,AS-10090,Adam Shillingsburg,Consumer,United States,New York City,New York,10035,East,OFF-BI-10003355,"{'MainCategory': 'Office Supplies', 'SubCategory': 'Binders'}",Cardinal Holdit Business Card Pockets,3.984,1,0.2,1.3944
6612,CA-2015-107678,4/21/2015,4/28/2015,Standard Class,JK-16090,Juliana Krohn,Consumer,United States,Louisville,Kentucky,40214,South,FUR-CH-10001891,"{'MainCategory': 'Furniture', 'SubCategory': 'Chairs'}",Global Deluxe Office Fabric Chairs,191.96,2,0,51.8292
9780,CA-2014-169019,7/26/2014,7/30/2014,Standard Class,LF-17185,Luke Foster,Consumer,United States,San Antonio,Texas,78207,Central,OFF-AP-10003281,"{'MainCategory': 'Office Supplies', 'SubCategory': 'Appliances'}",Acco 6 Outlet Guardian Standard Surge Suppressor,4.836,2,0.8,-12.09
637,US-2016-123470,8/15/2016,8/21/2016,Standard Class,ME-17725,Max Engle,Consumer,United States,Aurora,Colorado,80013,West,OFF-BI-10001989,"{'MainCategory': 'Office Supplies', 'SubCategory': 'Binders'}",Premium Transparent Presentation Covers by GBC,18.882,3,0.7,-13.8468
9741,CA-2017-129294,3/16/2017,3/21/2017,Standard Class,KD-16615,Ken Dana,Corporate,United States,Los Angeles,California,90032,West,OFF-AP-10001154,"{'MainCategory': 'Office Supplies', 'SubCategory': 'Appliances'}",Bionaire Personal Warm Mist Humidifier/Vaporizer,140.67,3,0,54.8613
7584,CA-2014-163223,3/21/2014,3/25/2014,Standard Class,KH-16690,Kristen Hastings,Corporate,United States,Springfield,Virginia,22153,South,TEC-PH-10000730,"{'MainCategory': 'Technology', 'SubCategory': 'Phones'}",Samsung Galaxy S4 Active,3499.93,7,0,909.9818
2313,US-2017-120418,6/11/2017,6/12/2017,First Class,BC-11125,Becky Castell,Home Office,United States,Peoria,Arizona,85345,West,OFF-ST-10001809,"{'MainCategory': 'Office Supplies', 'SubCategory': 'Storage'}",Fellowes Officeware Wire Shelving,215.592,3,0.2,-48.5082
8934,CA-2016-102134,3/14/2016,3/19/2016,Standard Class,SP-20545,Sibella Parks,Corporate,United States,Green Bay,Wisconsin,54302,Central,FUR-FU-10003724,"{'MainCategory': 'Furniture', 'SubCategory': 'Furnishings'}",Westinghouse Clip-On Gooseneck Lamps,16.74,2,0,4.3524
6613,CA-2015-107678,4/21/2015,4/28/2015,Standard Class,JK-16090,Juliana Krohn,Consumer,United States,Louisville,Kentucky,40214,South,OFF-BI-10002215,"{'MainCategory': 'Office Supplies', 'SubCategory': 'Binders'}","Wilson Jones Hanging View Binder, White, 1""",21.3,3,0,9.798
9018,CA-2016-161361,3/26/2016,3/28/2016,Second Class,MV-17485,Mark Van Huff,Consumer,United States,Pocatello,Idaho,83201,West,OFF-PA-10001838,"{'MainCategory': 'Office Supplies', 'SubCategory': 'Paper'}","Adams Telephone Message Book W/Dividers/Space For Phone Numbers, 5 1/4""X8 1/2"", 300/Messages",17.64,3,0,8.6436
5955,CA-2014-155796,11/11/2014,11/15/2014,Second Class,TS-21430,Tom Stivers,Corporate,United States,Reading,Pennsylvania,19601,East,FUR-FU-10000409,"{'MainCategory': 'Furniture', 'SubCategory': 'Furnishings'}","GE 4 Foot Flourescent Tube, 40 Watt",23.968,2,0.2,7.7896
9608,CA-2017-117128,12/5/2017,12/8/2017,Second Class,BF-11080,Bart Folk,Consumer,United States,New York City,New York,10024,East,OFF-PA-10000007,"{'MainCategory': 'Office Supplies', 'SubCategory': 'Paper'}","Telephone Message Books with Fax/Mobile Section, 4 1/4"" x 6""",21.6,6,0,9.936
5752,CA-2016-125850,1/22/2016,1/28/2016,Standard Class,FP-14320,Frank Preis,Consumer,United States,San Diego,California,92037,West,OFF-LA-10003498,"{'MainCategory': 'Office Supplies', 'SubCategory': 'Labels'}",Avery 475,44.4,3,0,22.2
2573,CA-2016-155845,8/12/2016,8/15/2016,Second Class,CM-12235,Chris McAfee,Consumer,United States,Carrollton,Texas,75007,Central,TEC-AC-10004145,"{'MainCategory': 'Technology', 'SubCategory': 'Accessories'}",Logitech diNovo Edge Keyboard,1399.944,7,0.2,52.4979
3510,CA-2014-166863,6/20/2014,6/24/2014,Standard Class,SC-20020,Sam Craven,Consumer,United States,Plano,Texas,75023,Central,OFF-PA-10000587,"{'MainCategory': 'Office Supplies', 'SubCategory': 'Paper'}","Array Parchment Paper, Assorted Colors",11.648,2,0.2,4.0768
8415,CA-2016-147109,12/17/2016,12/21/2016,Standard Class,AH-10075,Adam Hart,Corporate,United States,Arlington,Texas,76017,Central,TEC-AC-10002942,"{'MainCategory': 'Technology', 'SubCategory': 'Accessories'}",WD My Passport Ultra 1TB Portable External Hard Drive,165.6,3,0.2,-6.21
84,CA-2015-149734,9/3/2015,9/8/2015,Standard Class,JC-16105,Julie Creighton,Corporate,United States,Durham,North Carolina,27707,South,OFF-EN-10000927,"{'MainCategory': 'Office Supplies', 'SubCategory': 'Envelopes'}",Jet-Pak Recycled Peel 'N' Seal Padded Mailers,200.984,7,0.2,62.8075
8517,CA-2016-132899,4/7/2016,4/11/2016,Standard Class,SF-20200,Sarah Foster,Consumer,United States,New York City,New York,10009,East,OFF-AR-10002833,"{'MainCategory': 'Office Supplies', 'SubCategory': 'Art'}",Newell 322,3.64,2,0,0.9828
205,CA-2017-126382,6/3/2017,6/7/2017,Standard Class,HK-14890,Heather Kirkland,Corporate,United States,Franklin,Tennessee,37064,South,FUR-FU-10002960,"{'MainCategory': 'Furniture', 'SubCategory': 'Furnishings'}","Eldon 200 Class Desk Accessories, Burgundy",35.168,7,0.2,9.6712
3877,CA-2016-136231,9/5/2016,9/7/2016,Second Class,DM-13015,Darrin Martin,Consumer,United States,Johnson City,Tennessee,37604,South,OFF-PA-10000327,"{'MainCategory': 'Office Supplies', 'SubCategory': 'Paper'}",Xerox 1971,10.272,3,0.2,3.21
7172,CA-2017-125381,4/25/2017,4/27/2017,Second Class,SG-20605,Speros Goranitis,Consumer,United States,San Francisco,California,94109,West,TEC-AC-10000158,"{'MainCategory': 'Technology', 'SubCategory': 'Accessories'}",Sony 64GB Class 10 Micro SDHC R40 Memory Card,107.97,3,0,22.6737
8492,CA-2017-106824,7/7/2017,7/11/2017,Standard Class,AT-10735,Annie Thurman,Consumer,United States,Los Angeles,California,90049,West,OFF-FA-10001135,"{'MainCategory': 'Office Supplies', 'SubCategory': 'Fasteners'}","Brites Rubber Bands, 1 1/2 oz. Box",5.94,3,0,0.1188
1615,US-2016-113509,3/15/2016,3/19/2016,Standard Class,PL-18925,Paul Lucas,Home Office,United States,Philadelphia,Pennsylvania,19143,East,TEC-AC-10004855,"{'MainCategory': 'Technology', 'SubCategory': 'Accessories'}",V7 USB Numeric Keypad,83.976,3,0.2,-13.6461
9430,CA-2015-166219,8/28/2015,9/1/2015,Standard Class,BP-11185,Ben Peterman,Corporate,United States,Dallas,Texas,75081,Central,TEC-PH-10004165,"{'MainCategory': 'Technology', 'SubCategory': 'Phones'}",Mitel MiVoice 5330e IP Phone,1099.96,5,0.2,82.497
4835,CA-2017-167661,10/5/2017,10/10/2017,Standard Class,MP-18175,Mike Pelletier,Home Office,United States,San Francisco,California,94110,West,OFF-BI-10002571,"{'MainCategory': 'Office Supplies', 'SubCategory': 'Binders'}","Avery Framed View Binder, EZD Ring (Locking), Navy, 1 1/2""",39.92,5,0.2,13.473
9353,CA-2017-148411,9/24/2017,9/26/2017,First Class,RO-19780,Rose O'Brian,Consumer,United States,Chicago,Illinois,60623,Central,FUR-CH-10003973,"{'MainCategory': 'Furniture', 'SubCategory': 'Chairs'}",GuestStacker Chair with Chrome Finish Legs,520.464,2,0.3,-14.8704
7934,CA-2017-166093,8/17/2017,8/24/2017,Standard Class,RW-19540,Rick Wilson,Corporate,United States,Brentwood,California,94513,West,OFF-EN-10003134,"{'MainCategory': 'Office Supplies', 'SubCategory': 'Envelopes'}",Staple envelope,23.36,2,0,11.68
9467,CA-2017-102925,11/5/2017,11/10/2017,Second Class,CD-12280,Christina DeMoss,Consumer,United States,New York City,New York,10024,East,OFF-BI-10002735,"{'MainCategory': 'Office Supplies', 'SubCategory': 'Binders'}",GBC Prestige Therm-A-Bind Covers,164.688,6,0.2,55.5822
9036,CA-2015-148873,10/1/2015,10/5/2015,Standard Class,EM-13960,Eric Murdock,Consumer,United States,Quincy,Illinois,62301,Central,TEC-AC-10003657,"{'MainCategory': 'Technology', 'SubCategory': 'Accessories'}",Lenovo 17-Key USB Numeric Keypad,108.768,4,0.2,2.7192
1773,CA-2016-129686,11/27/2016,11/29/2016,Second Class,GG-14650,Greg Guthrie,Corporate,United States,Chicago,Illinois,60623,Central,TEC-AC-10001266,"{'MainCategory': 'Technology', 'SubCategory': 'Accessories'}",Memorex Micro Travel Drive 8 GB,62.4,6,0.2,19.5
3873,CA-2015-132486,10/23/2015,10/27/2015,Second Class,JF-15355,Jay Fein,Consumer,United States,San Diego,California,92105,West,FUR-CH-10001854,"{'MainCategory': 'Furniture', 'SubCategory': 'Chairs'}",Office Star - Professional Matrix Back Chair with 2-to-1 Synchro Tilt and Mesh Fabric Seat,842.352,3,0.2,42.1176
1131,CA-2016-112102,4/12/2016,4/16/2016,Standard Class,BD-11605,Brian Dahlen,Consumer,United States,Springfield,Virginia,22153,South,OFF-PA-10000100,"{'MainCategory': 'Office Supplies', 'SubCategory': 'Paper'}",Xerox 1945,40.99,1,0,20.0851
9511,CA-2016-105263,8/6/2016,8/11/2016,Standard Class,LM-17065,Liz MacKendrick,Consumer,United States,New York City,New York,10024,East,OFF-AR-10002399,"{'MainCategory': 'Office Supplies', 'SubCategory': 'Art'}","Dixon Prang Watercolor Pencils, 10-Color Set with Brush",38.34,9,0,15.7194
1807,US-2016-116729,12/25/2016,12/28/2016,First Class,GK-14620,Grace Kelly,Corporate,United States,Los Angeles,California,90049,West,OFF-PA-10002005,"{'MainCategory': 'Office Supplies', 'SubCategory': 'Paper'}",Xerox 225,45.36,7,0,21.7728
6111,CA-2016-124590,11/12/2016,11/16/2016,Standard Class,SP-20920,Susan Pistek,Consumer,United States,Parma,Ohio,44134,East,FUR-CH-10004495,"{'MainCategory': 'Furniture', 'SubCategory': 'Chairs'}","Global Leather and Oak Executive Chair, Black",1474.802,7,0.3,-21.0686
3506,CA-2014-166863,6/20/2014,6/24/2014,Standard Class,SC-20020,Sam Craven,Consumer,United States,Plano,Texas,75023,Central,TEC-PH-10000369,"{'MainCategory': 'Technology', 'SubCategory': 'Phones'}",HTC One Mini,201.584,2,0.2,20.1584
8636,CA-2014-160094,4/30/2014,5/2/2014,First Class,JM-16195,Justin MacKendrick,Consumer,United States,Louisville,Kentucky,40214,South,OFF-AR-10004010,"{'MainCategory': 'Office Supplies', 'SubCategory': 'Art'}",Hunt Boston Vacuum Mount KS Pencil Sharpener,174.95,5,0,45.487
47,CA-2014-146703,10/20/2014,10/25/2014,Second Class,PO-18865,Patrick O'Donnell,Consumer,United States,Westland,Michigan,48185,Central,OFF-ST-10001713,"{'MainCategory': 'Office Supplies', 'SubCategory': 'Storage'}","Gould Plastics 9-Pocket Panel Bin, 18-3/8w x 5-1/4d x 20-1/2h, Black",211.96,4,0,8.4784
2247,CA-2017-103380,11/21/2017,11/25/2017,Standard Class,BF-11005,Barry Franz,Home Office,United States,Pasadena,California,91104,West,TEC-PH-10004165,"{'MainCategory': 'Technology', 'SubCategory': 'Phones'}",Mitel MiVoice 5330e IP Phone,659.976,3,0.2,49.4982
2642,CA-2015-169740,2/20/2015,2/25/2015,Standard Class,LM-17065,Liz MacKendrick,Consumer,United States,Hot Springs,Arkansas,71901,South,TEC-AC-10000927,"{'MainCategory': 'Technology', 'SubCategory': 'Accessories'}",Anker Ultrathin Bluetooth Wireless Keyboard Aluminum Cover with Stand ,29.99,1,0,2.999
4905,US-2014-161613,12/1/2014,12/3/2014,Second Class,MC-17605,Matt Connell,Corporate,United States,Houston,Texas,77070,Central,FUR-CH-10003746,"{'MainCategory': 'Furniture', 'SubCategory': 'Chairs'}",Hon 4070 Series Pagoda Round Back Stacking Chairs,674.058,3,0.3,-19.2588
4765,CA-2017-123701,11/24/2017,11/27/2017,First Class,PG-18820,Patrick Gardner,Consumer,United States,San Francisco,California,94110,West,OFF-AR-10001860,"{'MainCategory': 'Office Supplies', 'SubCategory': 'Art'}",BIC Liqua Brite Liner,27.76,4,0,9.9936
7299,CA-2014-163468,11/18/2014,11/21/2014,First Class,JK-15730,Joe Kamberova,Consumer,United States,Des Plaines,Illinois,60016,Central,FUR-TA-10002533,"{'MainCategory': 'Furniture', 'SubCategory': 'Tables'}",BPI Conference Tables,292.1,4,0.5,-175.26
1726,CA-2015-127453,12/19/2015,12/20/2015,First Class,JK-15370,Jay Kimmel,Consumer,United States,Philadelphia,Pennsylvania,19143,East,OFF-AP-10002906,"{'MainCategory': 'Office Supplies', 'SubCategory': 'Appliances'}",Hoover Replacement Belt for Commercial Guardsman Heavy-Duty Upright Vacuum,3.552,2,0.2,0.444
2312,US-2017-120418,6/11/2017,6/12/2017,First Class,BC-11125,Becky Castell,Home Office,United States,Peoria,Arizona,85345,West,OFF-AR-10001955,"{'MainCategory': 'Office Supplies', 'SubCategory': 'Art'}",Newell 319,15.872,1,0.2,1.984
2193,CA-2016-128412,12/10/2016,12/17/2016,Standard Class,AP-10915,Arthur Prichep,Consumer,United States,Seattle,Washington,98105,West,OFF-AP-10002082,"{'MainCategory': 'Office Supplies', 'SubCategory': 'Appliances'}",Holmes HEPA Air Purifier,65.34,3,0,22.869
3536,CA-2014-110849,4/18/2014,4/23/2014,Standard Class,JL-15835,John Lee,Consumer,United States,Los Angeles,California,90049,West,OFF-FA-10000134,"{'MainCategory': 'Office Supplies', 'SubCategory': 'Fasteners'}","Advantus Push Pins, Aluminum Head",11.62,2,0,3.6022
104,US-2015-156867,11/13/2015,11/17/2015,Standard Class,LC-16870,Lena Cacioppo,Consumer,United States,Aurora,Colorado,80013,West,TEC-AC-10001552,"{'MainCategory': 'Technology', 'SubCategory': 'Accessories'}",Logitech K350 2.4Ghz Wireless Keyboard,238.896,6,0.2,-26.8758
5671,CA-2015-141012,6/9/2015,6/11/2015,Second Class,TG-21640,Trudy Glocke,Consumer,United States,Pocatello,Idaho,83201,West,FUR-FU-10003192,"{'MainCategory': 'Furniture', 'SubCategory': 'Furnishings'}",Luxo Adjustable Task Clamp Lamp,355.36,4,0,92.3936
332,US-2016-150147,4/25/2016,4/29/2016,Second Class,JL-15850,John Lucas,Consumer,United States,Philadelphia,Pennsylvania,19134,East,TEC-PH-10004614,"{'MainCategory': 'Technology', 'SubCategory': 'Phones'}",AT&T 841000 Phone,82.8,2,0.4,-20.7
4356,CA-2015-155600,12/4/2015,12/7/2015,Second Class,RO-19780,Rose O'Brian,Consumer,United States,Clarksville,Tennessee,37042,South,OFF-BI-10000545,"{'MainCategory': 'Office Supplies', 'SubCategory': 'Binders'}",GBC Ibimaster 500 Manual ProClick Binding System,1598.058,7,0.7,-1065.372
1781,CA-2016-124667,11/11/2016,11/16/2016,Standard Class,BD-11770,Bryan Davis,Consumer,United States,New York City,New York,10011,East,OFF-ST-10002276,"{'MainCategory': 'Office Supplies', 'SubCategory': 'Storage'}",Safco Steel Mobile File Cart,83.36,1,0,20.84
8771,CA-2016-151148,9/12/2016,9/13/2016,Same Day,PO-19180,Philisse Overcash,Home Office,United States,Louisville,Colorado,80027,West,FUR-CH-10002304,"{'MainCategory': 'Furniture', 'SubCategory': 'Chairs'}","Global Stack Chair without Arms, Black",83.136,4,0.2,5.196
4845,US-2014-128685,4/4/2014,4/5/2014,First Class,MZ-17515,Mary Zewe,Corporate,United States,Los Angeles,California,90008,West,OFF-BI-10004140,"{'MainCategory': 'Office Supplies', 'SubCategory': 'Binders'}",Avery Non-Stick Binders,7.184,2,0.2,2.245
8418,CA-2017-118199,5/9/2017,5/11/2017,First Class,LB-16795,Laurel Beltran,Home Office,United States,Seattle,Washington,98105,West,OFF-ST-10000604,"{'MainCategory': 'Office Supplies', 'SubCategory': 'Storage'}",Home/Office Personal File Carts,104.28,3,0,26.07
4379,CA-2015-140830,11/30/2015,12/2/2015,Second Class,PS-18970,Paul Stevenson,Home Office,United States,Henderson,Kentucky,42420,South,OFF-EN-10000461,"{'MainCategory': 'Office Supplies', 'SubCategory': 'Envelopes'}","#10- 4 1/8"" x 9 1/2"" Recycled Envelopes",17.48,2,0,8.2156
8146,US-2014-112949,6/20/2014,6/27/2014,Standard Class,Co-12640,Corey-Lock,Consumer,United States,Lawton,Oklahoma,73505,Central,OFF-AP-10001005,"{'MainCategory': 'Office Supplies', 'SubCategory': 'Appliances'}",Honeywell Quietcare HEPA Air Cleaner,471.9,6,0,155.727
5863,CA-2016-101525,5/1/2016,5/4/2016,Second Class,CM-12235,Chris McAfee,Consumer,United States,Little Rock,Arkansas,72209,South,OFF-PA-10003936,"{'MainCategory': 'Office Supplies', 'SubCategory': 'Paper'}",Xerox 1994,19.44,3,0,9.3312
8533,CA-2016-156748,11/30/2016,12/6/2016,Standard Class,BS-11755,Bruce Stewart,Consumer,United States,Detroit,Michigan,48227,Central,OFF-ST-10001370,"{'MainCategory': 'Office Supplies', 'SubCategory': 'Storage'}",Sensible Storage WireTech Storage Systems,496.86,7,0,24.843
1301,CA-2016-137043,12/23/2016,12/25/2016,Second Class,LC-17140,Logan Currie,Consumer,United States,Springfield,Virginia,22153,South,FUR-FU-10003664,"{'MainCategory': 'Furniture', 'SubCategory': 'Furnishings'}","Electrix Architect's Clamp-On Swing Arm Lamp, Black",572.76,6,0,166.1004
793,CA-2016-105256,5/20/2016,5/20/2016,Same Day,JK-15730,Joe Kamberova,Consumer,United States,Asheville,North Carolina,28806,South,TEC-PH-10001530,"{'MainCategory': 'Technology', 'SubCategory': 'Phones'}",Cisco Unified IP Phone 7945G VoIP phone,1363.96,5,0.2,85.2475
2968,CA-2014-162866,12/27/2014,12/31/2014,Standard Class,Co-12640,Corey-Lock,Consumer,United States,Skokie,Illinois,60076,Central,OFF-ST-10002562,"{'MainCategory': 'Office Supplies', 'SubCategory': 'Storage'}",Staple magnet,30.016,4,0.2,3.0016
2121,US-2017-168690,1/7/2017,1/13/2017,Standard Class,TS-21085,Thais Sissman,Consumer,United States,Ormond Beach,Florida,32174,South,OFF-BI-10000145,"{'MainCategory': 'Office Supplies', 'SubCategory': 'Binders'}",Zipper Ring Binder Pockets,2.808,3,0.7,-1.9656
6664,CA-2017-162173,10/26/2017,11/1/2017,Standard Class,OT-18730,Olvera Toch,Consumer,United States,Virginia Beach,Virginia,23464,South,FUR-TA-10001520,"{'MainCategory': 'Furniture', 'SubCategory': 'Tables'}","Lesro Sheffield Collection Coffee Table, End Table, Center Table, Corner Table",356.85,5,0,60.6645
8285,CA-2015-154284,12/21/2015,12/26/2015,Second Class,SZ-20035,Sam Zeldin,Home Office,United States,Saint Charles,Illinois,60174,Central,TEC-AC-10003198,"{'MainCategory': 'Technology', 'SubCategory': 'Accessories'}",Enermax Acrylux Wireless Keyboard,637.44,8,0.2,135.456
1369,CA-2017-133249,7/8/2017,7/11/2017,First Class,SZ-20035,Sam Zeldin,Home Office,United States,Pico Rivera,California,90660,West,FUR-FU-10001588,"{'MainCategory': 'Furniture', 'SubCategory': 'Furnishings'}","Deflect-o SuperTray Unbreakable Stackable Tray, Letter, Black",145.9,5,0,62.737
7712,CA-2017-139353,10/28/2017,10/30/2017,Second Class,JM-15250,Janet Martin,Consumer,United States,Fayetteville,North Carolina,28314,South,FUR-FU-10001876,"{'MainCategory': 'Furniture', 'SubCategory': 'Furnishings'}","Computer Room Manger, 14""",77.952,3,0.2,15.5904
2358,US-2014-148838,3/17/2014,3/21/2014,Standard Class,CP-12340,Christine Phan,Corporate,United States,New York City,New York,10024,East,FUR-TA-10003473,"{'MainCategory': 'Furniture', 'SubCategory': 'Tables'}",Bretford Rectangular Conference Table Tops,1579.746,7,0.4,-447.5947
5069,CA-2014-124478,8/8/2014,8/12/2014,Standard Class,MA-17560,Matt Abelman,Home Office,United States,Trenton,Michigan,48183,Central,TEC-CO-10001571,"{'MainCategory': 'Technology', 'SubCategory': 'Copiers'}",Sharp 1540cs Digital Laser Copier,549.99,1,0,274.995
6510,CA-2017-102197,12/20/2017,12/26/2017,Standard Class,DK-13150,David Kendrick,Corporate,United States,New York City,New York,10009,East,OFF-BI-10001524,"{'MainCategory': 'Office Supplies', 'SubCategory': 'Binders'}",GBC Premium Transparent Covers with Diagonal Lined Pattern,50.352,3,0.2,17.6232
9888,CA-2017-169607,10/12/2017,10/15/2017,First Class,CA-12265,Christina Anderson,Consumer,United States,New York City,New York,10024,East,OFF-PA-10000477,"{'MainCategory': 'Office Supplies', 'SubCategory': 'Paper'}",Xerox 1952,9.96,2,0,4.6812
3850,CA-2017-161053,9/22/2017,9/23/2017,First Class,JE-15745,Joel Eaton,Consumer,United States,Fayetteville,Arkansas,72701,South,TEC-AC-10004633,"{'MainCategory': 'Technology', 'SubCategory': 'Accessories'}","Verbatim 25 GB 6x Blu-ray Single Layer Recordable Disc, 3/Pack",34.95,5,0,15.378
7555,CA-2014-114181,5/10/2014,5/14/2014,Second Class,AF-10885,Art Foster,Consumer,United States,Philadelphia,Pennsylvania,19134,East,FUR-BO-10004467,"{'MainCategory': 'Furniture', 'SubCategory': 'Bookcases'}",Bestar Classic Bookcase,349.965,7,0.5,-216.9783
2785,CA-2016-116974,10/9/2016,10/15/2016,Standard Class,MP-17965,Michael Paige,Corporate,United States,Troy,Ohio,45373,East,TEC-PH-10004897,"{'MainCategory': 'Technology', 'SubCategory': 'Phones'}",Mediabridge Sport Armband iPhone 5s,23.976,4,0.4,-15.5844
3246,US-2017-140907,12/10/2017,12/12/2017,Second Class,BP-11185,Ben Peterman,Corporate,United States,Seattle,Washington,98103,West,TEC-AC-10004510,"{'MainCategory': 'Technology', 'SubCategory': 'Accessories'}",Logitech Desktop MK120 Mouse and keyboard Combo,49.08,3,0,4.908
7777,CA-2014-166961,12/27/2014,12/31/2014,Standard Class,CD-12790,Cynthia Delaney,Home Office,United States,Moreno Valley,California,92553,West,OFF-FA-10003485,"{'MainCategory': 'Office Supplies', 'SubCategory': 'Fasteners'}",Staples,7.86,3,0,3.6156
8092,CA-2015-127502,12/10/2015,12/14/2015,Standard Class,MT-17815,Meg Tillman,Consumer,United States,San Francisco,California,94110,West,OFF-LA-10001613,"{'MainCategory': 'Office Supplies', 'SubCategory': 'Labels'}",Avery File Folder Labels,5.76,2,0,2.8224
7024,CA-2014-124737,8/23/2014,8/27/2014,Standard Class,AP-10915,Arthur Prichep,Consumer,United States,Denver,Colorado,80219,West,OFF-PA-10000019,"{'MainCategory': 'Office Supplies', 'SubCategory': 'Paper'}",Xerox 1931,31.104,6,0.2,10.8864
9504,CA-2016-101329,4/22/2016,4/29/2016,Standard Class,MM-17920,Michael Moore,Consumer,United States,Rome,New York,13440,East,OFF-AR-10003190,"{'MainCategory': 'Office Supplies', 'SubCategory': 'Art'}",Newell 32,2.88,1,0,0.8064
2031,CA-2015-117961,11/26/2015,11/30/2015,Standard Class,GP-14740,Guy Phonely,Corporate,United States,Leominster,Massachusetts,1453,East,OFF-BI-10003707,"{'MainCategory': 'Office Supplies', 'SubCategory': 'Binders'}",Aluminum Screw Posts,61.04,4,0,30.52
6953,CA-2015-129917,10/2/2015,10/3/2015,First Class,HM-14980,Henry MacAllister,Consumer,United States,Los Angeles,California,90008,West,OFF-BI-10001757,"{'MainCategory': 'Office Supplies', 'SubCategory': 'Binders'}",Pressboard Hanging Data Binders for Unburst Sheets,11.808,3,0.2,4.1328
9250,CA-2016-127761,11/10/2016,11/14/2016,Standard Class,SW-20275,Scott Williamson,Consumer,United States,New York City,New York,10009,East,TEC-PH-10003691,"{'MainCategory': 'Technology', 'SubCategory': 'Phones'}",BlackBerry Q10,881.93,7,0,220.4825
7805,CA-2015-102260,9/22/2015,9/26/2015,Standard Class,SJ-20125,Sanjit Jacobs,Home Office,United States,Franklin,Tennessee,37064,South,OFF-ST-10002289,"{'MainCategory': 'Office Supplies', 'SubCategory': 'Storage'}","Safco Wire Cube Shelving System, For Use as 4 or 5 14"" Cubes, Black",25.424,1,0.2,-4.767
8018,US-2014-131870,9/9/2014,9/11/2014,First Class,NF-18595,Nicole Fjeld,Home Office,United States,Lancaster,Ohio,43130,East,OFF-AR-10000634,"{'MainCategory': 'Office Supplies', 'SubCategory': 'Art'}",Newell 320,30.816,9,0.2,2.6964
6788,CA-2015-118843,9/13/2015,9/20/2015,Standard Class,JH-15910,Jonathan Howell,Consumer,United States,Atlanta,Georgia,30318,South,FUR-FU-10003975,"{'MainCategory': 'Furniture', 'SubCategory': 'Furnishings'}",Eldon Advantage Chair Mats for Low to Medium Pile Carpets,129.93,3,0,12.993
9911,US-2015-129007,9/13/2015,9/15/2015,First Class,KD-16615,Ken Dana,Corporate,United States,Anaheim,California,92804,West,OFF-PA-10000994,"{'MainCategory': 'Office Supplies', 'SubCategory': 'Paper'}",Xerox 1915,209.7,2,0,100.656
232,US-2017-100930,4/7/2017,4/12/2017,Standard Class,CS-12400,Christopher Schild,Home Office,United States,Tampa,Florida,33614,South,FUR-TA-10001705,"{'MainCategory': 'Furniture', 'SubCategory': 'Tables'}",Bush Advantage Collection Round Conference Table,233.86,2,0.45,-102.048
3031,CA-2015-168480,9/21/2015,9/27/2015,Standard Class,DM-12955,Dario Medina,Corporate,United States,Lincoln Park,Michigan,48146,Central,FUR-BO-10000468,"{'MainCategory': 'Furniture', 'SubCategory': 'Bookcases'}",O'Sullivan 2-Shelf Heavy-Duty Bookcases,194.32,4,0,31.0912
176,US-2014-100853,9/14/2014,9/19/2014,Standard Class,JB-15400,Jennifer Braxton,Corporate,United States,Chicago,Illinois,60623,Central,OFF-LA-10003148,"{'MainCategory': 'Office Supplies', 'SubCategory': 'Labels'}",Avery 51,20.16,4,0.2,6.552
7605,CA-2016-101791,5/27/2016,5/31/2016,Standard Class,BS-11665,Brian Stugart,Consumer,United States,Chicago,Illinois,60623,Central,FUR-FU-10003247,"{'MainCategory': 'Furniture', 'SubCategory': 'Furnishings'}",36X48 HARDFLOOR CHAIRMAT,25.176,3,0.6,-33.3582
7252,CA-2016-116764,8/27/2016,9/2/2016,Standard Class,EM-13825,Elizabeth Moffitt,Corporate,United States,Hollywood,Florida,33021,South,OFF-LA-10002473,"{'MainCategory': 'Office Supplies', 'SubCategory': 'Labels'}",Avery 484,9.216,4,0.2,3.3408
7060,CA-2016-165330,12/11/2016,12/11/2016,Same Day,WB-21850,William Brown,Consumer,United States,Anaheim,California,92804,West,OFF-AP-10001469,"{'MainCategory': 'Office Supplies', 'SubCategory': 'Appliances'}",Fellowes 8 Outlet Superior Workstation Surge Protector,83.42,2,0,24.1918
5107,CA-2015-147102,9/19/2015,9/26/2015,Standard Class,NH-18610,Nicole Hansen,Corporate,United States,Columbus,Georgia,31907,South,TEC-AC-10000682,"{'MainCategory': 'Technology', 'SubCategory': 'Accessories'}",Kensington K72356US Mouse-in-a-Box USB Desktop Mouse,66.36,4,0,23.226
537,US-2017-122637,9/3/2017,9/8/2017,Second Class,EP-13915,Emily Phan,Consumer,United States,Chicago,Illinois,60653,Central,OFF-BI-10002429,"{'MainCategory': 'Office Supplies', 'SubCategory': 'Binders'}","Premier Elliptical Ring Binder, Black",42.616,7,0.8,-68.1856
3880,CA-2014-151001,4/5/2014,4/7/2014,First Class,JG-15805,John Grady,Corporate,United States,Decatur,Illinois,62521,Central,OFF-ST-10001031,"{'MainCategory': 'Office Supplies', 'SubCategory': 'Storage'}",Adjustable Personal File Tote,52.096,4,0.2,3.9072
5470,CA-2014-132451,9/26/2014,9/27/2014,First Class,KF-16285,Karen Ferguson,Home Office,United States,San Diego,California,92105,West,OFF-PA-10004888,"{'MainCategory': 'Office Supplies', 'SubCategory': 'Paper'}",Xerox 217,19.44,3,0,9.3312
555,CA-2017-100650,6/29/2017,7/3/2017,Second Class,DK-13225,Dean Katz,Corporate,United States,Anaheim,California,92804,West,OFF-ST-10001780,"{'MainCategory': 'Office Supplies', 'SubCategory': 'Storage'}",Tennsco 16-Compartment Lockers with Coat Rack,1295.78,2,0,310.9872
7507,CA-2014-115889,11/2/2014,11/6/2014,Standard Class,SH-20395,Shahid Hopkins,Consumer,United States,San Francisco,California,94122,West,TEC-PH-10001615,"{'MainCategory': 'Technology', 'SubCategory': 'Phones'}",AT&T CL82213,46.384,2,0.2,5.2182
1220,US-2017-118087,9/9/2017,9/13/2017,Standard Class,SP-20620,Stefania Perrino,Corporate,United States,Philadelphia,Pennsylvania,19134,East,TEC-PH-10002200,"{'MainCategory': 'Technology', 'SubCategory': 'Phones'}",Samsung Galaxy Note 2,1931.958,7,0.4,-386.3916
4030,CA-2017-124296,12/24/2017,12/28/2017,Standard Class,CS-12355,Christine Sundaresam,Consumer,United States,Lafayette,Louisiana,70506,South,TEC-MA-10003183,"{'MainCategory': 'Technology', 'SubCategory': 'Machines'}",DYMO CardScan Personal V9 Business Card Scanner,479.97,3,0,239.985
7823,US-2014-115413,8/26/2014,9/1/2014,Standard Class,PP-18955,Paul Prost,Home Office,United States,Newark,Delaware,19711,East,OFF-AR-10003770,"{'MainCategory': 'Office Supplies', 'SubCategory': 'Art'}",Newell 340,8.64,3,0,2.5056
4819,CA-2014-139598,12/26/2014,12/31/2014,Standard Class,MG-17695,Maureen Gnade,Consumer,United States,Philadelphia,Pennsylvania,19134,East,OFF-ST-10001370,"{'MainCategory': 'Office Supplies', 'SubCategory': 'Storage'}",Sensible Storage WireTech Storage Systems,227.136,4,0.2,-42.588
4828,CA-2014-152562,11/1/2014,11/8/2014,Standard Class,JO-15145,Jack O'Briant,Corporate,United States,Richmond,Kentucky,40475,South,OFF-ST-10000464,"{'MainCategory': 'Office Supplies', 'SubCategory': 'Storage'}","Multi-Use Personal File Cart and Caster Set, Three Stacking Bins",69.52,2,0,19.4656
6848,CA-2016-162110,7/18/2016,7/22/2016,Standard Class,NP-18670,Nora Paige,Consumer,United States,Phoenix,Arizona,85023,West,TEC-PH-10001924,"{'MainCategory': 'Technology', 'SubCategory': 'Phones'}",iHome FM Clock Radio with Lightning Dock,55.992,1,0.2,3.4995
9282,US-2017-152898,9/11/2017,9/15/2017,Standard Class,CB-12025,Cassandra Brandow,Consumer,United States,Richmond,Virginia,23223,South,OFF-AP-10000027,"{'MainCategory': 'Office Supplies', 'SubCategory': 'Appliances'}",Hoover Commercial SteamVac,67.9,5,0,20.37
383,CA-2016-134775,10/28/2016,10/29/2016,First Class,AS-10285,Alejandro Savely,Corporate,United States,San Francisco,California,94109,West,OFF-BI-10002225,"{'MainCategory': 'Office Supplies', 'SubCategory': 'Binders'}","Square Ring Data Binders, Rigid 75 Pt. Covers, 11"" x 14-7/8""",49.536,3,0.2,17.3376
7133,CA-2017-141439,11/26/2017,12/1/2017,Standard Class,TT-21460,Tonja Turnell,Home Office,United States,Richmond,Indiana,47374,Central,TEC-PH-10002624,"{'MainCategory': 'Technology', 'SubCategory': 'Phones'}",Samsung Galaxy S4 Mini,1879.96,4,0,545.1884
4776,CA-2017-108091,11/16/2017,11/21/2017,Standard Class,EK-13795,Eileen Kiefer,Home Office,United States,Escondido,California,92025,West,OFF-AR-10000255,"{'MainCategory': 'Office Supplies', 'SubCategory': 'Art'}",Newell 328,23.36,4,0,6.0736
8149,US-2016-131058,12/27/2016,12/31/2016,Standard Class,EM-14140,Eugene Moren,Home Office,United States,Santa Ana,California,92704,West,OFF-LA-10001613,"{'MainCategory': 'Office Supplies', 'SubCategory': 'Labels'}",Avery File Folder Labels,20.16,7,0,9.8784
2953,CA-2017-134915,11/12/2017,11/12/2017,Same Day,EM-14140,Eugene Moren,Home Office,United States,Glendale,Arizona,85301,West,FUR-FU-10000305,"{'MainCategory': 'Furniture', 'SubCategory': 'Furnishings'}","Tenex V2T-RE Standard Weight Series Chair Mat, 45"" x 53"", Lip 25"" x 12""",113.568,2,0.2,-5.6784
4173,CA-2016-152163,7/1/2016,7/1/2016,Same Day,JF-15355,Jay Fein,Consumer,United States,Columbia,South Carolina,29203,South,OFF-BI-10002215,"{'MainCategory': 'Office Supplies', 'SubCategory': 'Binders'}","Wilson Jones Hanging View Binder, White, 1""",14.2,2,0,6.532
8475,CA-2017-169404,4/9/2017,4/14/2017,Standard Class,NC-18625,Noah Childs,Corporate,United States,York,Pennsylvania,17403,East,OFF-BI-10004492,"{'MainCategory': 'Office Supplies', 'SubCategory': 'Binders'}",Tuf-Vin Binders,37.896,4,0.7,-29.0536
407,CA-2017-117457,12/8/2017,12/12/2017,Standard Class,KH-16510,Keith Herrera,Consumer,United States,San Francisco,California,94110,West,TEC-CO-10004115,"{'MainCategory': 'Technology', 'SubCategory': 'Copiers'}",Sharp AL-1530CS Digital Copier,1199.976,3,0.2,434.9913
4935,CA-2015-106978,9/28/2015,10/4/2015,Standard Class,ZC-21910,Zuschuss Carroll,Consumer,United States,Aurora,Colorado,80013,West,OFF-FA-10003021,"{'MainCategory': 'Office Supplies', 'SubCategory': 'Fasteners'}",Staples,4.512,3,0.2,0.846
6410,CA-2017-161774,5/14/2017,5/15/2017,First Class,GT-14710,Greg Tran,Consumer,United States,Houston,Texas,77041,Central,OFF-PA-10000300,"{'MainCategory': 'Office Supplies', 'SubCategory': 'Paper'}",Xerox 1936,47.952,3,0.2,16.1838
8617,CA-2016-165918,9/10/2016,9/14/2016,Standard Class,BD-11770,Bryan Davis,Consumer,United States,Edmonds,Washington,98026,West,OFF-PA-10000100,"{'MainCategory': 'Office Supplies', 'SubCategory': 'Paper'}",Xerox 1945,81.98,2,0,40.1702
5607,CA-2016-134516,9/20/2016,9/25/2016,Standard Class,FM-14215,Filia McAdams,Corporate,United States,Greensboro,North Carolina,27405,South,FUR-CH-10002880,"{'MainCategory': 'Furniture', 'SubCategory': 'Chairs'}","Global High-Back Leather Tilter, Burgundy",98.392,1,0.2,-11.0691
2157,CA-2014-124646,6/22/2014,6/24/2014,First Class,DV-13465,Dianna Vittorini,Consumer,United States,Minneapolis,Minnesota,55407,Central,OFF-ST-10001097,"{'MainCategory': 'Office Supplies', 'SubCategory': 'Storage'}",Office Impressions Heavy Duty Welded Shelving & Multimedia Storage Drawers,501.81,3,0,0
9587,CA-2016-108630,11/18/2016,11/18/2016,Same Day,BE-11410,Bobby Elias,Consumer,United States,Concord,California,94521,West,OFF-BI-10002437,"{'MainCategory': 'Office Supplies', 'SubCategory': 'Binders'}",Recycled Premium Regency Composition Covers,61.12,5,0.2,22.156
5960,CA-2016-127138,3/12/2016,3/15/2016,Second Class,DK-13225,Dean Katz,Corporate,United States,San Francisco,California,94109,West,FUR-CH-10003746,"{'MainCategory': 'Furniture', 'SubCategory': 'Chairs'}",Hon 4070 Series Pagoda Round Back Stacking Chairs,770.352,3,0.2,77.0352
1847,US-2017-158512,1/12/2017,1/17/2017,Second Class,DA-13450,Dianna Arnett,Home Office,United States,Washington,District of Columbia,20016,East,FUR-FU-10004973,"{'MainCategory': 'Furniture', 'SubCategory': 'Furnishings'}",Flat Face Poster Frame,37.68,2,0,15.8256
2369,US-2016-129469,9/23/2016,9/27/2016,Standard Class,KL-16555,Kelly Lampkin,Corporate,United States,Fairfield,Ohio,45014,East,FUR-FU-10002298,"{'MainCategory': 'Furniture', 'SubCategory': 'Furnishings'}","Rubbermaid ClusterMat Chairmats, Mat Size- 66"" x 60"", Lip 20"" x 11"" -90 Degree Angle",532.704,6,0.2,-26.6352
3788,CA-2016-169971,9/4/2016,9/9/2016,Standard Class,IL-15100,Ivan Liston,Consumer,United States,Houston,Texas,77041,Central,OFF-AR-10002804,"{'MainCategory': 'Office Supplies', 'SubCategory': 'Art'}",Faber Castell Col-Erase Pencils,3.912,1,0.2,1.0269
4393,CA-2016-108868,9/8/2016,9/12/2016,Standard Class,KB-16585,Ken Black,Corporate,United States,Dallas,Texas,75081,Central,OFF-AR-10001953,"{'MainCategory': 'Office Supplies', 'SubCategory': 'Art'}",Boston 1645 Deluxe Heavier-Duty Electric Pencil Sharpener,70.368,2,0.2,6.1572
3340,US-2017-109253,8/21/2017,8/22/2017,First Class,PR-18880,Patrick Ryan,Consumer,United States,Oakland,California,94601,West,OFF-AP-10002867,"{'MainCategory': 'Office Supplies', 'SubCategory': 'Appliances'}",Fellowes Command Center 5-outlet power strip,203.52,3,0,54.9504
8390,CA-2016-102596,12/27/2016,12/30/2016,First Class,RD-19810,Ross DeVincentis,Home Office,United States,Akron,Ohio,44312,East,OFF-FA-10000621,"{'MainCategory': 'Office Supplies', 'SubCategory': 'Fasteners'}","OIC Colored Binder Clips, Assorted Sizes",17.184,6,0.2,6.2292
7580,CA-2015-123113,11/23/2015,11/27/2015,Second Class,AT-10735,Annie Thurman,Consumer,United States,Morristown,New Jersey,7960,East,OFF-AP-10000275,"{'MainCategory': 'Office Supplies', 'SubCategory': 'Appliances'}","Sanyo Counter Height Refrigerator with Crisper, 3.6 Cubic Foot, Stainless Steel/Black",2625.12,8,0,735.0336
784,US-2015-157014,10/3/2015,10/6/2015,Second Class,BM-11785,Bryan Mills,Consumer,United States,Columbus,Ohio,43229,East,FUR-BO-10004409,"{'MainCategory': 'Furniture', 'SubCategory': 'Bookcases'}","Safco Value Mate Series Steel Bookcases, Baked Enamel Finish on Steel, Gray",35.49,1,0.5,-15.6156
9482,CA-2017-150504,11/6/2017,11/12/2017,Standard Class,HG-14845,Harry Greene,Consumer,United States,Dallas,Texas,75220,Central,OFF-ST-10000615,"{'MainCategory': 'Office Supplies', 'SubCategory': 'Storage'}","SimpliFile Personal File, Black Granite, 15w x 6-15/16d x 11-1/4h",18.16,2,0.2,1.816
6126,CA-2017-145772,6/3/2017,6/7/2017,Standard Class,SS-20140,Saphhira Shifley,Corporate,United States,Los Angeles,California,90036,West,OFF-PA-10001593,"{'MainCategory': 'Office Supplies', 'SubCategory': 'Paper'}",Xerox 1947,11.96,2,0,5.382
7837,CA-2015-149083,9/25/2015,9/30/2015,Standard Class,SH-19975,Sally Hughsby,Corporate,United States,Seattle,Washington,98103,West,FUR-CH-10004289,"{'MainCategory': 'Furniture', 'SubCategory': 'Chairs'}",Global Super Steno Chair,307.136,4,0.2,-11.5176
931,CA-2017-144932,4/14/2017,4/17/2017,First Class,AB-10165,Alan Barnes,Consumer,United States,Toledo,Ohio,43615,East,OFF-AR-10001468,"{'MainCategory': 'Office Supplies', 'SubCategory': 'Art'}","Sanford Prismacolor Professional Thick Lead Art Pencils, 36-Color Set",89.856,3,0.2,21.3408
2092,CA-2017-166142,7/15/2017,7/19/2017,Standard Class,MM-17260,Magdelene Morse,Consumer,United States,Wilmington,Delaware,19805,East,FUR-TA-10004607,"{'MainCategory': 'Furniture', 'SubCategory': 'Tables'}",Hon 2111 Invitation Series Straight Table,310.443,3,0.3,-48.7839
7844,CA-2014-158470,4/19/2014,4/23/2014,Second Class,AG-10390,Allen Goldenen,Consumer,United States,Arlington,Virginia,22204,South,OFF-PA-10001569,"{'MainCategory': 'Office Supplies', 'SubCategory': 'Paper'}",Xerox 232,71.28,11,0,34.2144
9892,US-2016-115441,7/25/2016,7/28/2016,Second Class,SH-19975,Sally Hughsby,Corporate,United States,Milwaukee,Wisconsin,53209,Central,TEC-AC-10003116,"{'MainCategory': 'Technology', 'SubCategory': 'Accessories'}",Memorex Froggy Flash Drive 8 GB,124.25,7,0,48.4575
7965,CA-2017-104864,11/18/2017,11/23/2017,Second Class,JS-15685,Jim Sink,Corporate,United States,Miramar,Florida,33023,South,OFF-PA-10004609,"{'MainCategory': 'Office Supplies', 'SubCategory': 'Paper'}",Xerox 221,20.736,4,0.2,7.2576
7108,CA-2016-109666,4/19/2016,4/26/2016,Standard Class,KM-16720,Kunst Miller,Consumer,United States,New York City,New York,10035,East,TEC-PH-10004774,"{'MainCategory': 'Technology', 'SubCategory': 'Phones'}",Gear Head AU3700S Headset,25.98,2,0,0.7794
8885,CA-2014-107398,8/25/2014,8/30/2014,Standard Class,BS-11590,Brendan Sweed,Corporate,United States,Columbus,Ohio,43229,East,OFF-BI-10001982,"{'MainCategory': 'Office Supplies', 'SubCategory': 'Binders'}",Wilson Jones Custom Binder Spines & Labels,6.528,4,0.7,-4.5696
9303,US-2015-163433,4/18/2015,4/22/2015,Second Class,MP-17965,Michael Paige,Corporate,United States,Mcallen,Texas,78501,Central,OFF-AR-10003481,"{'MainCategory': 'Office Supplies', 'SubCategory': 'Art'}",Newell 348,7.872,3,0.2,0.8856
4430,CA-2017-147725,9/14/2017,9/14/2017,Same Day,LT-17110,Liz Thompson,Consumer,United States,Orange,New Jersey,7050,East,OFF-AR-10001725,"{'MainCategory': 'Office Supplies', 'SubCategory': 'Art'}",Boston Home & Office Model 2000 Electric Pencil Sharpeners,70.95,3,0,18.447
4657,CA-2015-112130,5/3/2015,5/7/2015,Standard Class,SV-20785,Stewart Visinsky,Consumer,United States,Philadelphia,Pennsylvania,19140,East,OFF-AR-10001468,"{'MainCategory': 'Office Supplies', 'SubCategory': 'Art'}","Sanford Prismacolor Professional Thick Lead Art Pencils, 36-Color Set",59.904,2,0.2,14.2272
785,US-2015-157014,10/3/2015,10/6/2015,Second Class,BM-11785,Bryan Mills,Consumer,United States,Columbus,Ohio,43229,East,TEC-AC-10000057,"{'MainCategory': 'Technology', 'SubCategory': 'Accessories'}",Microsoft Natural Ergonomic Keyboard 4000,47.984,2,0.2,0.5998
3176,US-2017-132059,9/23/2017,9/29/2017,Standard Class,AP-10915,Arthur Prichep,Consumer,United States,Fort Collins,Colorado,80525,West,FUR-BO-10001811,"{'MainCategory': 'Furniture', 'SubCategory': 'Bookcases'}","Atlantic Metals Mobile 5-Shelf Bookcases, Custom Colors",180.588,2,0.7,-240.784
8534,CA-2016-156748,11/30/2016,12/6/2016,Standard Class,BS-11755,Bruce Stewart,Consumer,United States,Detroit,Michigan,48227,Central,FUR-CH-10000513,"{'MainCategory': 'Furniture', 'SubCategory': 'Chairs'}",High-Back Leather Manager's Chair,389.97,3,0,35.0973
5734,CA-2017-143574,6/29/2017,7/2/2017,First Class,DR-12880,Dan Reichenbach,Corporate,United States,Milford,Connecticut,6460,East,OFF-SU-10002537,"{'MainCategory': 'Office Supplies', 'SubCategory': 'Supplies'}",Acme Box Cutter Scissors,30.69,3,0,7.9794
8303,US-2017-167318,7/26/2017,8/1/2017,Standard Class,GZ-14545,George Zrebassa,Corporate,United States,Los Angeles,California,90036,West,FUR-CH-10000665,"{'MainCategory': 'Furniture', 'SubCategory': 'Chairs'}","Global Airflow Leather Mesh Back Chair, Black",362.352,3,0.2,45.294
1958,CA-2017-157987,9/2/2017,9/6/2017,Standard Class,AC-10615,Ann Chong,Corporate,United States,New York City,New York,10009,East,OFF-PA-10003893,"{'MainCategory': 'Office Supplies', 'SubCategory': 'Paper'}",Xerox 1962,17.12,4,0,7.704
3358,CA-2017-100335,9/7/2017,9/13/2017,Standard Class,NF-18595,Nicole Fjeld,Home Office,United States,Chicago,Illinois,60610,Central,OFF-PA-10001685,"{'MainCategory': 'Office Supplies', 'SubCategory': 'Paper'}",Easy-staple paper,73.008,9,0.2,26.4654
4104,CA-2017-137456,12/21/2017,12/21/2017,Same Day,RB-19465,Rick Bensley,Home Office,United States,Fremont,Nebraska,68025,Central,FUR-FU-10001940,"{'MainCategory': 'Furniture', 'SubCategory': 'Furnishings'}",Staple-based wall hangings,15.92,2,0,7.0048
7748,CA-2015-156153,5/31/2015,6/2/2015,Second Class,CW-11905,Carl Weiss,Home Office,United States,Long Beach,New York,11561,East,OFF-FA-10003472,"{'MainCategory': 'Office Supplies', 'SubCategory': 'Fasteners'}",Bagged Rubber Bands,7.56,6,0,0.3024
2736,CA-2015-115798,11/13/2015,11/19/2015,Standard Class,KL-16645,Ken Lonsdale,Consumer,United States,Newark,Delaware,19711,East,TEC-PH-10003691,"{'MainCategory': 'Technology', 'SubCategory': 'Phones'}",BlackBerry Q10,377.97,3,0,94.4925
2512,CA-2015-102722,4/18/2015,4/19/2015,First Class,KW-16570,Kelly Williams,Consumer,United States,Monroe,Louisiana,71203,South,TEC-AC-10003116,"{'MainCategory': 'Technology', 'SubCategory': 'Accessories'}",Memorex Froggy Flash Drive 8 GB,106.5,6,0,41.535
314,CA-2014-120887,9/27/2014,10/3/2014,Standard Class,TS-21205,Thomas Seio,Corporate,United States,Hackensack,New Jersey,7601,East,FUR-FU-10001588,"{'MainCategory': 'Furniture', 'SubCategory': 'Furnishings'}","Deflect-o SuperTray Unbreakable Stackable Tray, Letter, Black",87.54,3,0,37.6422
3713,CA-2017-166198,4/21/2017,4/24/2017,First Class,JW-15955,Joni Wasserman,Consumer,United States,Seattle,Washington,98103,West,TEC-AC-10000521,"{'MainCategory': 'Technology', 'SubCategory': 'Accessories'}","Verbatim Slim CD and DVD Storage Cases, 50/Pack",11.54,1,0,3.462
2490,CA-2015-141040,10/9/2015,10/13/2015,Second Class,TB-21250,Tim Brockman,Consumer,United States,New York City,New York,10024,East,TEC-PH-10001835,"{'MainCategory': 'Technology', 'SubCategory': 'Phones'}",Jawbone JAMBOX Wireless Bluetooth Speaker,631.96,4,0,303.3408
1910,CA-2017-105886,12/18/2017,12/23/2017,Standard Class,DB-13660,Duane Benoit,Consumer,United States,Oceanside,New York,11572,East,FUR-FU-10001037,"{'MainCategory': 'Furniture', 'SubCategory': 'Furnishings'}","DAX Charcoal/Nickel-Tone Document Frame, 5 x 7",18.96,2,0,8.532
4501,CA-2016-124814,4/10/2016,4/16/2016,Standard Class,FM-14215,Filia McAdams,Corporate,United States,Bakersfield,California,93309,West,OFF-BI-10000174,"{'MainCategory': 'Office Supplies', 'SubCategory': 'Binders'}","Wilson Jones Clip & Carry Folder Binder Tool for Ring Binders, Clear",23.2,5,0.2,8.12
2858,CA-2016-154690,8/15/2016,8/17/2016,Second Class,CC-12370,Christopher Conant,Consumer,United States,Fayetteville,North Carolina,28314,South,FUR-CH-10000988,"{'MainCategory': 'Furniture', 'SubCategory': 'Chairs'}",Hon Olson Stacker Stools,225.296,2,0.2,22.5296
1149,CA-2015-112452,4/4/2015,4/4/2015,Same Day,NC-18340,Nat Carroll,Consumer,United States,Lansing,Michigan,48911,Central,OFF-BI-10003350,"{'MainCategory': 'Office Supplies', 'SubCategory': 'Binders'}",Acco Expandable Hanging Binders,12.76,2,0,5.8696
2558,US-2015-112508,3/24/2015,3/30/2015,Standard Class,BP-11185,Ben Peterman,Corporate,United States,Coral Springs,Florida,33065,South,OFF-AP-10002287,"{'MainCategory': 'Office Supplies', 'SubCategory': 'Appliances'}","Eureka Sanitaire  Multi-Pro Heavy-Duty Upright, Disposable Bags",6.992,2,0.2,0.5244
9125,CA-2016-128916,8/18/2016,8/20/2016,Second Class,MA-17560,Matt Abelman,Home Office,United States,Houston,Texas,77070,Central,FUR-FU-10001940,"{'MainCategory': 'Furniture', 'SubCategory': 'Furnishings'}",Staple-based wall hangings,9.552,3,0.6,-3.8208
9369,CA-2016-154998,4/7/2016,4/9/2016,First Class,ES-14080,Erin Smith,Corporate,United States,Lakewood,New Jersey,8701,East,OFF-PA-10004243,"{'MainCategory': 'Office Supplies', 'SubCategory': 'Paper'}",Xerox 1939,37.94,2,0,18.2112
8660,CA-2016-153185,9/3/2016,9/8/2016,Standard Class,MH-17620,Matt Hagelstein,Corporate,United States,Cincinnati,Ohio,45231,East,OFF-PA-10002246,"{'MainCategory': 'Office Supplies', 'SubCategory': 'Paper'}","Wirebound Four 2-3/4 x 5 Forms per Page, 400 Sets per Book",30.96,6,0.2,11.223
6977,CA-2015-112144,6/28/2015,7/2/2015,Standard Class,CY-12745,Craig Yedwab,Corporate,United States,Gilbert,Arizona,85234,West,FUR-FU-10004306,"{'MainCategory': 'Furniture', 'SubCategory': 'Furnishings'}",Electrix Halogen Magnifier Lamp,621.76,4,0.2,46.632
5838,CA-2017-133207,11/27/2017,12/3/2017,Standard Class,DO-13645,Doug O'Connell,Consumer,United States,Los Angeles,California,90036,West,TEC-PH-10004100,"{'MainCategory': 'Technology', 'SubCategory': 'Phones'}",Griffin GC17055 Auxiliary Audio Cable,57.568,4,0.2,5.7568
5382,CA-2016-149195,9/5/2016,9/7/2016,Second Class,DM-13525,Don Miller,Corporate,United States,Houston,Texas,77070,Central,OFF-PA-10001870,"{'MainCategory': 'Office Supplies', 'SubCategory': 'Paper'}",Xerox 202,25.92,5,0.2,9.072
3989,US-2016-159415,4/17/2016,4/22/2016,Standard Class,CS-12175,Charles Sheldon,Corporate,United States,Columbia,Tennessee,38401,South,FUR-FU-10003798,"{'MainCategory': 'Furniture', 'SubCategory': 'Furnishings'}","Ultra Door Kickplate, 8""H x 34""W",79.12,5,0.2,13.846
9507,CA-2014-149104,4/5/2014,4/7/2014,Second Class,RD-19900,Ruben Dartt,Consumer,United States,Dearborn Heights,Michigan,48127,Central,OFF-AR-10002952,"{'MainCategory': 'Office Supplies', 'SubCategory': 'Art'}",Stanley Contemporary Battery Pencil Sharpeners,26.7,2,0,7.476
2231,CA-2014-128055,3/31/2014,4/5/2014,Standard Class,AA-10315,Alex Avila,Consumer,United States,San Francisco,California,94122,West,OFF-AP-10002765,"{'MainCategory': 'Office Supplies', 'SubCategory': 'Appliances'}",Fellowes Advanced Computer Series Surge Protectors,52.98,2,0,14.8344
3422,CA-2016-134803,5/28/2016,6/3/2016,Standard Class,CL-12565,Clay Ludtke,Consumer,United States,Los Angeles,California,90004,West,OFF-PA-10003790,"{'MainCategory': 'Office Supplies', 'SubCategory': 'Paper'}",Xerox 1991,182.72,8,0,84.0512
3248,US-2017-140907,12/10/2017,12/12/2017,Second Class,BP-11185,Ben Peterman,Corporate,United States,Seattle,Washington,98103,West,OFF-AR-10000799,"{'MainCategory': 'Office Supplies', 'SubCategory': 'Art'}",Col-Erase Pencils with Erasers,18.24,3,0,5.2896
7768,CA-2015-169299,8/24/2015,8/26/2015,First Class,DO-13435,Denny Ordway,Consumer,United States,Portland,Oregon,97206,West,OFF-AR-10002053,"{'MainCategory': 'Office Supplies', 'SubCategory': 'Art'}","Premium Writing Pencils, Soft, #2 by Central Association for the Blind",7.152,3,0.2,0.7152
4220,CA-2017-134565,6/11/2017,6/13/2017,Second Class,TB-21400,Tom Boeckenhauer,Consumer,United States,Seattle,Washington,98103,West,OFF-PA-10004243,"{'MainCategory': 'Office Supplies', 'SubCategory': 'Paper'}",Xerox 1939,37.94,2,0,18.2112
8477,CA-2017-134880,10/27/2017,11/1/2017,Standard Class,TW-21025,Tamara Willingham,Home Office,United States,Mesa,Arizona,85204,West,OFF-PA-10004039,"{'MainCategory': 'Office Supplies', 'SubCategory': 'Paper'}",Xerox 1882,44.784,1,0.2,16.2342
2817,CA-2015-104626,9/1/2015,9/8/2015,Standard Class,DR-12940,Daniel Raglin,Home Office,United States,Franklin,Massachusetts,2038,East,FUR-CH-10003817,"{'MainCategory': 'Furniture', 'SubCategory': 'Chairs'}","Global Value Steno Chair, Gray",60.74,1,0,15.185
4793,CA-2015-104346,12/11/2015,12/16/2015,Standard Class,IM-15070,Irene Maddox,Consumer,United States,Colorado Springs,Colorado,80906,West,OFF-PA-10003256,"{'MainCategory': 'Office Supplies', 'SubCategory': 'Paper'}",Avery Personal Creations Heavyweight Cards,27.696,3,0.2,9.6936
9287,CA-2017-154011,6/19/2017,6/26/2017,Standard Class,DB-13270,Deborah Brumfield,Home Office,United States,Dallas,Texas,75081,Central,OFF-BI-10003166,"{'MainCategory': 'Office Supplies', 'SubCategory': 'Binders'}",GBC Plasticlear Binding Covers,6.888,3,0.8,-11.0208
5561,US-2015-114741,12/6/2015,12/10/2015,Standard Class,IL-15100,Ivan Liston,Consumer,United States,North Las Vegas,Nevada,89031,West,OFF-LA-10004853,"{'MainCategory': 'Office Supplies', 'SubCategory': 'Labels'}",Avery 483,14.94,3,0,6.8724
5938,CA-2016-103107,7/4/2016,7/4/2016,Same Day,RB-19465,Rick Bensley,Home Office,United States,Seattle,Washington,98103,West,TEC-PH-10002564,"{'MainCategory': 'Technology', 'SubCategory': 'Phones'}",OtterBox Defender Series Case - Samsung Galaxy S4,71.976,3,0.2,8.997
5815,US-2015-106495,6/15/2015,6/17/2015,First Class,AC-10450,Amy Cox,Consumer,United States,Tampa,Florida,33614,South,TEC-AC-10002718,"{'MainCategory': 'Technology', 'SubCategory': 'Accessories'}",Belkin Standard 104 key USB Keyboard,11.672,1,0.2,-0.7295
5651,CA-2017-142342,7/17/2017,7/19/2017,Second Class,AJ-10795,Anthony Johnson,Corporate,United States,Apple Valley,California,92307,West,OFF-ST-10002957,"{'MainCategory': 'Office Supplies', 'SubCategory': 'Storage'}",Sterilite Show Offs Storage Containers,10.56,2,0,0
4384,US-2015-122784,7/20/2015,7/27/2015,Standard Class,RA-19915,Russell Applegate,Consumer,United States,Highland Park,Illinois,60035,Central,FUR-BO-10004690,"{'MainCategory': 'Furniture', 'SubCategory': 'Bookcases'}",O'Sullivan Cherrywood Estates Traditional Barrister Bookcase,384.944,4,0.3,-126.4816
7081,CA-2016-106950,9/2/2016,9/6/2016,Standard Class,JE-15715,Joe Elijah,Consumer,United States,Charlotte,North Carolina,28205,South,FUR-TA-10001768,"{'MainCategory': 'Furniture', 'SubCategory': 'Tables'}",Hon Racetrack Conference Tables,472.518,3,0.4,-149.6307
1777,CA-2014-118976,4/28/2014,5/3/2014,Standard Class,MY-18295,Muhammed Yedwab,Corporate,United States,Baltimore,Maryland,21215,East,OFF-LA-10000452,"{'MainCategory': 'Office Supplies', 'SubCategory': 'Labels'}",Avery 488,3.15,1,0,1.512
7606,CA-2016-101791,5/27/2016,5/31/2016,Standard Class,BS-11665,Brian Stugart,Consumer,United States,Chicago,Illinois,60623,Central,FUR-FU-10002191,"{'MainCategory': 'Furniture', 'SubCategory': 'Furnishings'}",G.E. Halogen Desk Lamp Bulbs,5.584,2,0.6,-1.6752
2454,CA-2017-140949,3/17/2017,3/22/2017,Second Class,DB-13405,Denny Blanton,Consumer,United States,New York City,New York,10011,East,TEC-AC-10002399,"{'MainCategory': 'Technology', 'SubCategory': 'Accessories'}",SanDisk Cruzer 32 GB USB Flash Drive,57.06,3,0,18.2592
6021,US-2016-156692,8/13/2016,8/13/2016,Same Day,HG-15025,Hunter Glantz,Consumer,United States,Kenner,Louisiana,70065,South,OFF-AP-10002222,"{'MainCategory': 'Office Supplies', 'SubCategory': 'Appliances'}",Staple holder,17.34,2,0,4.6818
4367,CA-2017-111332,5/20/2017,5/22/2017,Second Class,NC-18340,Nat Carroll,Consumer,United States,Fargo,North Dakota,58103,Central,OFF-AR-10000657,"{'MainCategory': 'Office Supplies', 'SubCategory': 'Art'}","Binney & Smith inkTank Desk Highlighter, Chisel Tip, Yellow, 12/Box",21.5,10,0,7.095
2958,CA-2017-168900,5/4/2017,5/9/2017,Standard Class,SH-20395,Shahid Hopkins,Consumer,United States,Springfield,Ohio,45503,East,OFF-BI-10003910,"{'MainCategory': 'Office Supplies', 'SubCategory': 'Binders'}",DXL Angle-View Binders with Locking Rings by Samsill,2.313,1,0.7,-1.9275
9659,CA-2014-156160,9/22/2014,9/29/2014,Standard Class,AS-10090,Adam Shillingsburg,Consumer,United States,New York City,New York,10035,East,FUR-CH-10004983,"{'MainCategory': 'Furniture', 'SubCategory': 'Chairs'}",Office Star - Mid Back Dual function Ergonomic High Back Chair with 2-Way Adjustable Arms,579.528,4,0.1,83.7096
9786,CA-2015-155635,5/9/2015,5/13/2015,Standard Class,ME-17725,Max Engle,Consumer,United States,Louisville,Kentucky,40214,South,OFF-BI-10000962,"{'MainCategory': 'Office Supplies', 'SubCategory': 'Binders'}","Acco Flexible ACCOHIDE Square Ring Data Binder, Dark Blue, 11 1/2"" X 14"" 7/8""",48.81,3,0,23.9169
6931,CA-2016-140382,6/23/2016,6/25/2016,Second Class,RD-19900,Ruben Dartt,Consumer,United States,San Francisco,California,94109,West,OFF-PA-10001019,"{'MainCategory': 'Office Supplies', 'SubCategory': 'Paper'}",Xerox 1884,19.98,1,0,9.3906
5996,CA-2016-162187,12/11/2016,12/11/2016,Same Day,NS-18640,Noel Staavos,Corporate,United States,Columbus,Ohio,43229,East,FUR-CH-10003298,"{'MainCategory': 'Furniture', 'SubCategory': 'Chairs'}","Office Star - Contemporary Task Swivel chair with Loop Arms, Charcoal",458.43,5,0.3,-137.529
1778,CA-2015-105347,11/24/2015,11/28/2015,Standard Class,DP-13000,Darren Powers,Consumer,United States,Los Angeles,California,90004,West,OFF-PA-10000675,"{'MainCategory': 'Office Supplies', 'SubCategory': 'Paper'}",Xerox 1919,368.91,9,0,180.7659
1724,US-2015-123218,12/20/2015,12/25/2015,Standard Class,KD-16345,Katherine Ducich,Consumer,United States,Chicago,Illinois,60623,Central,FUR-BO-10003966,"{'MainCategory': 'Furniture', 'SubCategory': 'Bookcases'}","Sauder Facets Collection Library, Sky Alder Finish",359.058,3,0.3,-71.8116
4634,CA-2015-130456,8/21/2015,8/26/2015,Standard Class,DS-13180,David Smith,Corporate,United States,San Francisco,California,94122,West,FUR-BO-10003893,"{'MainCategory': 'Furniture', 'SubCategory': 'Bookcases'}",Sauder Camden County Collection Library,586.398,6,0.15,34.494
5847,CA-2015-126725,11/17/2015,11/21/2015,Standard Class,BS-11665,Brian Stugart,Consumer,United States,San Diego,California,92105,West,FUR-CH-10001708,"{'MainCategory': 'Furniture', 'SubCategory': 'Chairs'}",Office Star - Contemporary Swivel Chair with Padded Adjustable Arms and Flex Back,225.568,2,0.2,2.8196
2094,CA-2015-149678,4/13/2015,4/15/2015,Second Class,AW-10840,Anthony Witt,Consumer,United States,Farmington,New Mexico,87401,West,OFF-SU-10004498,"{'MainCategory': 'Office Supplies', 'SubCategory': 'Supplies'}",Martin-Yale Premier Letter Opener,12.88,1,0,0.3864
9052,CA-2014-141838,3/26/2014,3/31/2014,Second Class,DK-12835,Damala Kotsonis,Corporate,United States,San Francisco,California,94122,West,OFF-AR-10004272,"{'MainCategory': 'Office Supplies', 'SubCategory': 'Art'}",Newell 308,3.36,2,0,0.84
9679,CA-2016-144785,4/18/2016,4/23/2016,Standard Class,CS-12490,Cindy Schnelling,Corporate,United States,New York City,New York,10009,East,OFF-SU-10004290,"{'MainCategory': 'Office Supplies', 'SubCategory': 'Supplies'}","Acme Design Line 8"" Stainless Steel Bent Scissors w/Champagne Handles, 3-1/8"" Cut",6.84,1,0,1.8468
9912,US-2014-157231,4/5/2014,4/9/2014,Standard Class,RP-19855,Roy Phan,Corporate,United States,Richmond,Kentucky,40475,South,OFF-BI-10002852,"{'MainCategory': 'Office Supplies', 'SubCategory': 'Binders'}",Ibico Standard Transparent Covers,115.36,7,0,56.5264
991,CA-2015-153549,3/29/2015,3/31/2015,Second Class,SL-20155,Sara Luxemburg,Home Office,United States,Jacksonville,Florida,32216,South,FUR-CH-10004086,"{'MainCategory': 'Furniture', 'SubCategory': 'Chairs'}",Hon 4070 Series Pagoda Armless Upholstered Stacking Chairs,1166.92,5,0.2,131.2785
309,CA-2017-126774,4/15/2017,4/17/2017,First Class,SH-20395,Shahid Hopkins,Consumer,United States,Arlington,Virginia,22204,South,OFF-AR-10002804,"{'MainCategory': 'Office Supplies', 'SubCategory': 'Art'}",Faber Castell Col-Erase Pencils,4.89,1,0,2.0049
7688,CA-2016-169838,11/25/2016,11/29/2016,Standard Class,BB-11545,Brenda Bowman,Corporate,United States,Jackson,Michigan,49201,Central,OFF-BI-10004002,"{'MainCategory': 'Office Supplies', 'SubCategory': 'Binders'}",Wilson Jones International Size A4 Ring Binders,17.3,1,0,8.304
1410,US-2016-122245,9/25/2016,9/30/2016,Standard Class,AB-10105,Adrian Barton,Consumer,United States,Phoenix,Arizona,85023,West,FUR-TA-10002356,"{'MainCategory': 'Furniture', 'SubCategory': 'Tables'}",Bevis Boat-Shaped Conference Table,393.165,3,0.5,-204.4458
3638,CA-2016-145177,11/10/2016,11/14/2016,Standard Class,PP-18955,Paul Prost,Home Office,United States,Springfield,Ohio,45503,East,OFF-AP-10002457,"{'MainCategory': 'Office Supplies', 'SubCategory': 'Appliances'}","Eureka The Boss Plus 12-Amp Hard Box Upright Vacuum, Red",334.88,4,0.2,29.302
827,CA-2017-126956,8/21/2017,8/28/2017,Standard Class,GT-14710,Greg Tran,Consumer,United States,Lakeville,Minnesota,55044,Central,OFF-FA-10002280,"{'MainCategory': 'Office Supplies', 'SubCategory': 'Fasteners'}",Advantus Plastic Paper Clips,35,7,0,16.8
7403,CA-2017-168172,8/6/2017,8/10/2017,Standard Class,SH-20395,Shahid Hopkins,Consumer,United States,New York City,New York,10011,East,OFF-SU-10002573,"{'MainCategory': 'Office Supplies', 'SubCategory': 'Supplies'}","Acme 10"" Easy Grip Assistive Scissors",70.12,4,0,21.036
4427,CA-2017-159464,5/18/2017,5/19/2017,First Class,TB-21355,Todd Boyes,Corporate,United States,Sandy Springs,Georgia,30328,South,TEC-PH-10002350,"{'MainCategory': 'Technology', 'SubCategory': 'Phones'}",Apple EarPods with Remote and Mic,55.98,2,0,15.6744
5519,CA-2017-117667,12/4/2017,12/9/2017,Standard Class,MS-17980,Michael Stewart,Corporate,United States,Philadelphia,Pennsylvania,19134,East,FUR-FU-10004093,"{'MainCategory': 'Furniture', 'SubCategory': 'Furnishings'}",Hand-Finished Solid Wood Document Frame,54.768,2,0.2,6.846
9176,CA-2017-119424,6/12/2017,6/14/2017,Second Class,SB-20185,Sarah Brown,Consumer,United States,Kent,Washington,98031,West,OFF-PA-10001639,"{'MainCategory': 'Office Supplies', 'SubCategory': 'Paper'}",Xerox 203,19.44,3,0,9.3312
3493,CA-2015-157322,7/2/2015,7/6/2015,Standard Class,RH-19600,Rob Haberlin,Consumer,United States,Carol Stream,Illinois,60188,Central,OFF-PA-10000659,"{'MainCategory': 'Office Supplies', 'SubCategory': 'Paper'}","Adams Phone Message Book, Professional, 400 Message Capacity, 5 3/6” x 11”",11.168,2,0.2,3.7692
708,CA-2014-112158,12/2/2014,12/4/2014,First Class,DP-13165,David Philippe,Consumer,United States,New York City,New York,10035,East,TEC-AC-10003628,"{'MainCategory': 'Technology', 'SubCategory': 'Accessories'}",Logitech 910-002974 M325 Wireless Mouse for Web Scrolling,119.96,4,0,52.7824
9742,CA-2015-117086,11/8/2015,11/12/2015,Standard Class,QJ-19255,Quincy Jones,Corporate,United States,Burlington,Vermont,5408,East,FUR-BO-10004834,"{'MainCategory': 'Furniture', 'SubCategory': 'Bookcases'}","Riverside Palais Royal Lawyers Bookcase, Royale Cherry Finish",4404.9,5,0,1013.127
852,CA-2016-152534,6/20/2016,6/25/2016,Second Class,DP-13105,Dave Poirier,Corporate,United States,Salinas,California,93905,West,OFF-PA-10001870,"{'MainCategory': 'Office Supplies', 'SubCategory': 'Paper'}",Xerox 202,38.88,6,0,18.6624
8309,CA-2016-149335,7/25/2016,7/25/2016,Same Day,BC-11125,Becky Castell,Home Office,United States,San Francisco,California,94122,West,OFF-AR-10001419,"{'MainCategory': 'Office Supplies', 'SubCategory': 'Art'}",Newell 325,37.17,9,0,11.151
6783,CA-2017-121293,7/25/2017,7/28/2017,Second Class,JC-15775,John Castell,Consumer,United States,Philadelphia,Pennsylvania,19143,East,FUR-FU-10000732,"{'MainCategory': 'Furniture', 'SubCategory': 'Furnishings'}",Eldon 200 Class Desk Accessories,20.096,4,0.2,3.0144
2143,CA-2016-155481,9/1/2016,9/5/2016,Standard Class,DK-13225,Dean Katz,Corporate,United States,Philadelphia,Pennsylvania,19140,East,OFF-PA-10004675,"{'MainCategory': 'Office Supplies', 'SubCategory': 'Paper'}","Telephone Message Books with Fax/Mobile Section, 5 1/2"" x 3 3/16""",30.48,6,0.2,9.906
2961,CA-2017-143665,4/26/2017,5/1/2017,Standard Class,PO-19180,Philisse Overcash,Home Office,United States,Seattle,Washington,98115,West,OFF-PA-10003673,"{'MainCategory': 'Office Supplies', 'SubCategory': 'Paper'}",Strathmore Photo Mount Cards,20.34,3,0,9.3564
4482,CA-2016-109365,11/3/2016,11/8/2016,Standard Class,XP-21865,Xylona Preis,Consumer,United States,Los Angeles,California,90049,West,OFF-AP-10002998,"{'MainCategory': 'Office Supplies', 'SubCategory': 'Appliances'}",Holmes 99% HEPA Air Purifier,43.32,2,0,14.2956
1583,CA-2015-131338,8/9/2015,8/12/2015,First Class,NP-18325,Naresj Patel,Consumer,United States,New York City,New York,10024,East,OFF-BI-10000545,"{'MainCategory': 'Office Supplies', 'SubCategory': 'Binders'}",GBC Ibimaster 500 Manual ProClick Binding System,1217.568,2,0.2,456.588
2924,CA-2014-156993,6/28/2014,7/4/2014,Standard Class,RW-19630,Rob Williams,Corporate,United States,Detroit,Michigan,48234,Central,OFF-FA-10003495,"{'MainCategory': 'Office Supplies', 'SubCategory': 'Fasteners'}",Staples,6.08,1,0,3.04
8566,CA-2016-134110,11/17/2016,11/18/2016,First Class,BG-11035,Barry Gonzalez,Consumer,United States,The Colony,Texas,75056,Central,TEC-PH-10002350,"{'MainCategory': 'Technology', 'SubCategory': 'Phones'}",Apple EarPods with Remote and Mic,67.176,3,0.2,6.7176
4336,CA-2015-154795,12/20/2015,12/24/2015,Standard Class,GZ-14470,Gary Zandusky,Consumer,United States,Bullhead City,Arizona,86442,West,OFF-EN-10003068,"{'MainCategory': 'Office Supplies', 'SubCategory': 'Envelopes'}",#6 3/4 Gummed Flap White Envelopes,7.92,1,0.2,2.772
4023,CA-2014-154963,6/22/2014,6/27/2014,Standard Class,AA-10645,Anna Andreadi,Consumer,United States,Chester,Pennsylvania,19013,East,FUR-CH-10000454,"{'MainCategory': 'Furniture', 'SubCategory': 'Chairs'}","Hon Deluxe Fabric Upholstered Stacking Chairs, Rounded Back",853.93,5,0.3,0
7532,CA-2016-107146,6/17/2016,6/19/2016,First Class,LC-16885,Lena Creighton,Consumer,United States,Longmont,Colorado,80501,West,FUR-FU-10002298,"{'MainCategory': 'Furniture', 'SubCategory': 'Furnishings'}","Rubbermaid ClusterMat Chairmats, Mat Size- 66"" x 60"", Lip 20"" x 11"" -90 Degree Angle",266.352,3,0.2,-13.3176
6101,CA-2017-100111,9/20/2017,9/26/2017,Standard Class,SV-20365,Seth Vernon,Consumer,United States,New York City,New York,10035,East,TEC-PH-10002885,"{'MainCategory': 'Technology', 'SubCategory': 'Phones'}",Apple iPhone 5,1299.66,2,0,350.9082
9693,CA-2015-107902,8/28/2015,9/2/2015,Standard Class,SM-20950,Suzanne McNair,Corporate,United States,Fairfield,Connecticut,6824,East,OFF-ST-10001837,"{'MainCategory': 'Office Supplies', 'SubCategory': 'Storage'}","SAFCO Mobile Desk Side File, Wire Frame",470.36,11,0,122.2936
9170,CA-2016-140571,3/15/2016,3/19/2016,Standard Class,SJ-20125,Sanjit Jacobs,Home Office,United States,Jackson,Mississippi,39212,South,OFF-PA-10001954,"{'MainCategory': 'Office Supplies', 'SubCategory': 'Paper'}",Xerox 1964,45.68,2,0,21.0128
2148,US-2016-152051,6/25/2016,6/29/2016,Standard Class,TS-21160,Theresa Swint,Corporate,United States,York,Pennsylvania,17403,East,OFF-ST-10001713,"{'MainCategory': 'Office Supplies', 'SubCategory': 'Storage'}","Gould Plastics 9-Pocket Panel Bin, 18-3/8w x 5-1/4d x 20-1/2h, Black",254.352,6,0.2,-50.8704
2059,CA-2017-120376,12/22/2017,12/25/2017,First Class,TP-21130,Theone Pippenger,Consumer,United States,Detroit,Michigan,48227,Central,FUR-TA-10004534,"{'MainCategory': 'Furniture', 'SubCategory': 'Tables'}",Bevis 44 x 96 Conference Tables,411.8,2,0,70.006
7916,CA-2017-165323,6/17/2017,6/21/2017,Standard Class,SR-20740,Steven Roelle,Home Office,United States,New York City,New York,10024,East,TEC-AC-10004992,"{'MainCategory': 'Technology', 'SubCategory': 'Accessories'}",Kingston Digital DataTraveler 64GB USB 2.0,101.34,3,0,8.1072
2394,CA-2016-128111,3/17/2016,3/23/2016,Standard Class,CS-12355,Christine Sundaresam,Consumer,United States,Malden,Massachusetts,2148,East,OFF-AR-10000588,"{'MainCategory': 'Office Supplies', 'SubCategory': 'Art'}",Newell 345,39.68,2,0,10.3168
3929,CA-2016-162082,3/14/2016,3/17/2016,First Class,JS-15880,John Stevenson,Consumer,United States,Harlingen,Texas,78550,Central,FUR-BO-10004409,"{'MainCategory': 'Furniture', 'SubCategory': 'Bookcases'}","Safco Value Mate Series Steel Bookcases, Baked Enamel Finish on Steel, Gray",241.332,5,0.32,-14.196
5299,CA-2016-106656,9/23/2016,9/26/2016,First Class,DV-13045,Darrin Van Huff,Corporate,United States,San Diego,California,92037,West,OFF-EN-10001509,"{'MainCategory': 'Office Supplies', 'SubCategory': 'Envelopes'}",Poly String Tie Envelopes,4.08,2,0,1.9176
9632,CA-2016-168844,5/31/2016,6/6/2016,Standard Class,NM-18520,Neoma Murray,Consumer,United States,New York City,New York,10011,East,TEC-PH-10003215,"{'MainCategory': 'Technology', 'SubCategory': 'Phones'}",Jackery Bar Premium Fast-charging Portable Charger,179.7,6,0,88.053
312,CA-2016-142902,9/12/2016,9/14/2016,Second Class,BP-11185,Ben Peterman,Corporate,United States,Arvada,Colorado,80004,West,FUR-FU-10001756,"{'MainCategory': 'Furniture', 'SubCategory': 'Furnishings'}","Eldon Expressions Desk Accessory, Wood Photo Frame, Mahogany",15.232,1,0.2,1.7136
3485,CA-2014-124688,8/27/2014,8/29/2014,First Class,CC-12610,Corey Catlett,Corporate,United States,Springfield,Virginia,22153,South,FUR-TA-10003569,"{'MainCategory': 'Furniture', 'SubCategory': 'Tables'}",Bretford CR8500 Series Meeting Room Furniture,1202.94,3,0,300.735
9793,CA-2014-127166,5/21/2014,5/23/2014,Second Class,KH-16360,Katherine Hughes,Consumer,United States,Houston,Texas,77070,Central,FUR-CH-10003396,"{'MainCategory': 'Furniture', 'SubCategory': 'Chairs'}",Global Deluxe Steno Chair,107.772,2,0.3,-29.2524
7518,US-2017-167920,12/9/2017,12/12/2017,Second Class,JL-15835,John Lee,Consumer,United States,Richmond,Kentucky,40475,South,TEC-AC-10001013,"{'MainCategory': 'Technology', 'SubCategory': 'Accessories'}",Logitech ClearChat Comfort/USB Headset H390,146.45,5,0,48.3285
9427,CA-2016-160479,9/15/2016,9/20/2016,Standard Class,AH-10585,Angele Hood,Consumer,United States,Seattle,Washington,98105,West,OFF-AR-10002445,"{'MainCategory': 'Office Supplies', 'SubCategory': 'Art'}",SANFORD Major Accent Highlighters,35.4,5,0,13.452
9878,US-2017-166324,4/20/2017,4/21/2017,First Class,BE-11455,Brad Eason,Home Office,United States,Cleveland,Ohio,44105,East,OFF-BI-10000174,"{'MainCategory': 'Office Supplies', 'SubCategory': 'Binders'}","Wilson Jones Clip & Carry Folder Binder Tool for Ring Binders, Clear",8.7,5,0.7,-6.38
3698,CA-2015-151680,11/19/2015,11/21/2015,Second Class,TC-21475,Tony Chapman,Home Office,United States,Seattle,Washington,98115,West,FUR-FU-10000305,"{'MainCategory': 'Furniture', 'SubCategory': 'Furnishings'}","Tenex V2T-RE Standard Weight Series Chair Mat, 45"" x 53"", Lip 25"" x 12""",141.96,2,0,22.7136
9455,CA-2015-129546,9/28/2015,10/5/2015,Standard Class,RP-19855,Roy Phan,Corporate,United States,Los Angeles,California,90032,West,TEC-PH-10003555,"{'MainCategory': 'Technology', 'SubCategory': 'Phones'}",Motorola HK250 Universal Bluetooth Headset,36.784,2,0.2,-8.2764
958,CA-2017-102414,5/15/2017,5/18/2017,Second Class,JA-15970,Joseph Airdo,Consumer,United States,Phoenix,Arizona,85023,West,OFF-BI-10004465,"{'MainCategory': 'Office Supplies', 'SubCategory': 'Binders'}",Avery Durable Slant Ring Binders,4.752,2,0.7,-3.168
6805,CA-2014-152233,10/5/2014,10/6/2014,First Class,KH-16510,Keith Herrera,Consumer,United States,Pomona,California,91767,West,TEC-AC-10002800,"{'MainCategory': 'Technology', 'SubCategory': 'Accessories'}",Plantronics Audio 478 Stereo USB Headset,99.98,2,0,34.993
2685,CA-2017-137085,6/29/2017,7/6/2017,Standard Class,CT-11995,Carol Triggs,Consumer,United States,Los Angeles,California,90004,West,OFF-BI-10000632,"{'MainCategory': 'Office Supplies', 'SubCategory': 'Binders'}",Satellite Sectional Post Binders,312.552,9,0.2,101.5794
825,US-2014-102071,5/9/2014,5/15/2014,Standard Class,PG-18820,Patrick Gardner,Consumer,United States,San Francisco,California,94110,West,TEC-AC-10003441,"{'MainCategory': 'Technology', 'SubCategory': 'Accessories'}",Kingston Digital DataTraveler 32GB USB 2.0,67.8,4,0,4.068
8020,CA-2017-167227,11/2/2017,11/5/2017,First Class,NP-18670,Nora Paige,Consumer,United States,Saint Louis,Missouri,63116,Central,OFF-AP-10001962,"{'MainCategory': 'Office Supplies', 'SubCategory': 'Appliances'}",Black & Decker Filter for Double Action Dustbuster Cordless Vac BLDV7210,83.9,10,0,20.975
3276,CA-2017-116358,11/2/2017,11/6/2017,Standard Class,KM-16225,Kalyca Meade,Corporate,United States,Overland Park,Kansas,66212,Central,OFF-AR-10004685,"{'MainCategory': 'Office Supplies', 'SubCategory': 'Art'}","Binney & Smith Crayola Metallic Colored Pencils, 8-Color Set",27.78,6,0,9.1674
1147,CA-2015-112452,4/4/2015,4/4/2015,Same Day,NC-18340,Nat Carroll,Consumer,United States,Lansing,Michigan,48911,Central,OFF-AP-10003849,"{'MainCategory': 'Office Supplies', 'SubCategory': 'Appliances'}",Hoover Shoulder Vac Commercial Portable Vacuum,644.076,2,0.1,107.346
2219,CA-2017-130841,7/28/2017,8/1/2017,Standard Class,MH-17620,Matt Hagelstein,Corporate,United States,San Francisco,California,94110,West,OFF-BI-10000145,"{'MainCategory': 'Office Supplies', 'SubCategory': 'Binders'}",Zipper Ring Binder Pockets,9.984,4,0.2,3.6192
9667,CA-2017-157448,11/16/2017,11/20/2017,Standard Class,LC-16885,Lena Creighton,Consumer,United States,Los Angeles,California,90049,West,FUR-FU-10001847,"{'MainCategory': 'Furniture', 'SubCategory': 'Furnishings'}",Eldon Image Series Black Desk Accessories,12.42,3,0,4.4712
8851,CA-2015-140718,7/2/2015,7/4/2015,First Class,FA-14230,Frank Atkinson,Corporate,United States,Raleigh,North Carolina,27604,South,OFF-BI-10004728,"{'MainCategory': 'Office Supplies', 'SubCategory': 'Binders'}",Wilson Jones Turn Tabs Binder Tool for Ring Binders,2.892,2,0.7,-2.3136
7243,CA-2017-136651,4/23/2017,4/25/2017,Second Class,JF-15355,Jay Fein,Consumer,United States,Pasadena,California,91104,West,FUR-FU-10004864,"{'MainCategory': 'Furniture', 'SubCategory': 'Furnishings'}",Eldon 500 Class Desk Accessories,24.14,2,0,7.9662
4028,CA-2017-139311,8/11/2017,8/13/2017,First Class,SF-20965,Sylvia Foulston,Corporate,United States,Bedford,Texas,76021,Central,TEC-PH-10001557,"{'MainCategory': 'Technology', 'SubCategory': 'Phones'}",Pyle PMP37LED,153.584,2,0.2,13.4386
4423,CA-2017-159464,5/18/2017,5/19/2017,First Class,TB-21355,Todd Boyes,Corporate,United States,Sandy Springs,Georgia,30328,South,OFF-AP-10001492,"{'MainCategory': 'Office Supplies', 'SubCategory': 'Appliances'}","Acco Six-Outlet Power Strip, 4' Cord Length",17.24,2,0,4.4824
457,US-2014-110674,2/12/2014,2/18/2014,Standard Class,SC-20095,Sanjit Chand,Consumer,United States,Concord,California,94521,West,FUR-CH-10000225,"{'MainCategory': 'Furniture', 'SubCategory': 'Chairs'}","Global Geo Office Task Chair, Gray",129.568,2,0.2,-24.294
6939,CA-2016-125094,11/5/2016,11/9/2016,Standard Class,NP-18700,Nora Preis,Consumer,United States,Seattle,Washington,98105,West,TEC-AC-10004420,"{'MainCategory': 'Technology', 'SubCategory': 'Accessories'}",Cherry 142-key Programmable Keyboard,479.72,4,0,52.7692
1973,CA-2014-148950,12/14/2014,12/19/2014,Standard Class,JD-16015,Joy Daniels,Consumer,United States,Chicago,Illinois,60610,Central,OFF-BI-10001249,"{'MainCategory': 'Office Supplies', 'SubCategory': 'Binders'}",Avery Heavy-Duty EZD View Binder with Locking Rings,5.104,4,0.8,-8.6768
5058,CA-2015-162166,9/8/2015,9/11/2015,First Class,NM-18520,Neoma Murray,Consumer,United States,Moreno Valley,California,92553,West,OFF-ST-10002486,"{'MainCategory': 'Office Supplies', 'SubCategory': 'Storage'}",Eldon Shelf Savers Cubes and Bins,41.88,6,0,0.8376
6163,CA-2014-103989,3/19/2014,3/21/2014,First Class,MC-17605,Matt Connell,Corporate,United States,Lakeland,Florida,33801,South,OFF-ST-10000918,"{'MainCategory': 'Office Supplies', 'SubCategory': 'Storage'}",Crate-A-Files,26.16,3,0.2,1.962
5347,CA-2017-108539,3/21/2017,3/23/2017,Second Class,SC-20725,Steven Cartwright,Consumer,United States,Los Angeles,California,90045,West,OFF-BI-10003981,"{'MainCategory': 'Office Supplies', 'SubCategory': 'Binders'}","Avery Durable Plastic 1"" Binders",10.896,3,0.2,3.9498
4376,CA-2014-166954,4/25/2014,4/30/2014,Standard Class,BT-11305,Beth Thompson,Home Office,United States,San Gabriel,California,91776,West,FUR-FU-10003708,"{'MainCategory': 'Furniture', 'SubCategory': 'Furnishings'}","Tenex Traditional Chairmats for Medium Pile Carpet, Standard Lip, 36"" x 48""",303.25,5,0,63.6825
1031,CA-2014-163552,7/11/2014,7/15/2014,Standard Class,LA-16780,Laura Armstrong,Corporate,United States,Hackensack,New Jersey,7601,East,FUR-CH-10003379,"{'MainCategory': 'Furniture', 'SubCategory': 'Chairs'}",Global Commerce Series High-Back Swivel/Tilt Chairs,854.94,3,0,213.735
6055,CA-2016-124016,9/23/2016,9/26/2016,Second Class,JS-15940,Joni Sundaresam,Home Office,United States,Lancaster,Ohio,43130,East,OFF-BI-10002071,"{'MainCategory': 'Office Supplies', 'SubCategory': 'Binders'}",Fellowes Black Plastic Comb Bindings,12.201,7,0.7,-9.7608
3008,CA-2014-130729,10/24/2014,10/29/2014,Standard Class,AA-10375,Allen Armold,Consumer,United States,Rancho Cucamonga,California,91730,West,OFF-BI-10002706,"{'MainCategory': 'Office Supplies', 'SubCategory': 'Binders'}",Avery Premier Heavy-Duty Binder with Round Locking Rings,34.272,3,0.2,11.1384
6920,CA-2015-102806,5/21/2015,5/28/2015,Standard Class,HG-14965,Henry Goldwyn,Corporate,United States,Philadelphia,Pennsylvania,19143,East,OFF-BI-10001597,"{'MainCategory': 'Office Supplies', 'SubCategory': 'Binders'}","Wilson Jones Ledger-Size, Piano-Hinge Binder, 2"", Blue",24.588,2,0.7,-18.0312
178,US-2015-101511,11/21/2015,11/23/2015,Second Class,JE-15745,Joel Eaton,Consumer,United States,Newark,Ohio,43055,East,FUR-CH-10004698,"{'MainCategory': 'Furniture', 'SubCategory': 'Chairs'}","Padded Folding Chairs, Black, 4/Carton",396.802,7,0.3,-11.3372
3794,CA-2015-163762,11/27/2015,12/1/2015,Standard Class,JE-15475,Jeremy Ellison,Consumer,United States,New York City,New York,10024,East,OFF-AR-10001915,"{'MainCategory': 'Office Supplies', 'SubCategory': 'Art'}",Peel-Off China Markers,29.79,3,0,12.5118
8573,CA-2014-121629,11/28/2014,12/2/2014,Standard Class,BT-11680,Brian Thompson,Consumer,United States,Houston,Texas,77041,Central,TEC-MA-10004679,"{'MainCategory': 'Technology', 'SubCategory': 'Machines'}",StarTech.com 10/100 VDSL2 Ethernet Extender Kit,998.85,5,0.4,-199.77
4170,CA-2015-100216,4/13/2015,4/14/2015,First Class,HJ-14875,Heather Jas,Home Office,United States,Mesa,Arizona,85204,West,OFF-PA-10000788,"{'MainCategory': 'Office Supplies', 'SubCategory': 'Paper'}",Xerox 210,31.104,6,0.2,10.8864
5472,CA-2017-116946,12/19/2017,12/23/2017,Standard Class,TS-21505,Tony Sayre,Consumer,United States,Parker,Colorado,80134,West,FUR-FU-10000320,"{'MainCategory': 'Furniture', 'SubCategory': 'Furnishings'}",OIC Stacking Trays,13.36,5,0.2,4.008
5570,CA-2017-157966,3/13/2017,3/13/2017,Same Day,SU-20665,Stephanie Ulpright,Home Office,United States,Chicago,Illinois,60610,Central,OFF-PA-10001934,"{'MainCategory': 'Office Supplies', 'SubCategory': 'Paper'}",Xerox 1993,15.552,3,0.2,5.6376
5903,US-2017-153948,11/6/2017,11/6/2017,Same Day,FM-14290,Frank Merwin,Home Office,United States,San Francisco,California,94122,West,OFF-PA-10000157,"{'MainCategory': 'Office Supplies', 'SubCategory': 'Paper'}",Xerox 191,59.94,3,0,28.1718
1288,CA-2016-154711,11/22/2016,11/26/2016,Standard Class,TB-21355,Todd Boyes,Corporate,United States,New York City,New York,10009,East,FUR-FU-10000397,"{'MainCategory': 'Furniture', 'SubCategory': 'Furnishings'}",Luxo Economy Swing Arm Lamp,39.88,2,0,11.1664
9993,CA-2017-121258,2/26/2017,3/3/2017,Standard Class,DB-13060,Dave Brooks,Consumer,United States,Costa Mesa,California,92627,West,OFF-PA-10004041,"{'MainCategory': 'Office Supplies', 'SubCategory': 'Paper'}","It's Hot Message Books with Stickers, 2 3/4"" x 5""",29.6,4,0,13.32
2604,CA-2016-165848,6/4/2016,6/4/2016,Same Day,EN-13780,Edward Nazzal,Consumer,United States,New York City,New York,10035,East,FUR-BO-10000362,"{'MainCategory': 'Furniture', 'SubCategory': 'Bookcases'}",Sauder Inglewood Library Bookcases,136.784,1,0.2,5.1294
1012,CA-2017-118437,6/17/2017,6/21/2017,Second Class,PF-19165,Philip Fox,Consumer,United States,Olympia,Washington,98502,West,FUR-FU-10004848,"{'MainCategory': 'Furniture', 'SubCategory': 'Furnishings'}","Howard Miller 13-3/4"" Diameter Brushed Chrome Round Wall Clock",155.25,3,0,46.575
9677,US-2014-120175,11/28/2014,12/3/2014,Standard Class,MC-17635,Matthew Clasen,Corporate,United States,Richmond,Indiana,47374,Central,OFF-EN-10003862,"{'MainCategory': 'Office Supplies', 'SubCategory': 'Envelopes'}",Laser & Ink Jet Business Envelopes,64.02,6,0,29.4492
29,US-2015-150630,9/17/2015,9/21/2015,Standard Class,TB-21520,Tracy Blumstein,Consumer,United States,Philadelphia,Pennsylvania,19140,East,OFF-BI-10000474,"{'MainCategory': 'Office Supplies', 'SubCategory': 'Binders'}",Avery Recycled Flexi-View Covers for Binding Systems,9.618,2,0.7,-7.0532
7634,US-2017-158526,12/29/2017,1/1/2018,Second Class,KH-16360,Katherine Hughes,Consumer,United States,Louisville,Kentucky,40214,South,OFF-BI-10002414,"{'MainCategory': 'Office Supplies', 'SubCategory': 'Binders'}",GBC ProClick Spines for 32-Hole Punch,12.53,1,0,5.8891
4853,CA-2014-107818,9/8/2014,9/14/2014,Standard Class,MC-17275,Marc Crier,Consumer,United States,Pasco,Washington,99301,West,OFF-ST-10000736,"{'MainCategory': 'Office Supplies', 'SubCategory': 'Storage'}",Carina Double Wide Media Storage Towers in Natural & Black,485.88,6,0,19.4352
4956,CA-2014-160262,6/9/2014,6/13/2014,Second Class,TS-21205,Thomas Seio,Corporate,United States,North Las Vegas,Nevada,89031,West,OFF-PA-10003641,"{'MainCategory': 'Office Supplies', 'SubCategory': 'Paper'}",Xerox 1909,79.14,3,0,36.4044
9975,US-2016-103674,12/6/2016,12/10/2016,Standard Class,AP-10720,Anne Pryor,Home Office,United States,Los Angeles,California,90032,West,OFF-AR-10004752,"{'MainCategory': 'Office Supplies', 'SubCategory': 'Art'}",Blackstonian Pencils,18.69,7,0,5.2332
139,CA-2016-145583,10/13/2016,10/19/2016,Standard Class,LC-16885,Lena Creighton,Consumer,United States,Roseville,California,95661,West,OFF-SU-10001218,"{'MainCategory': 'Office Supplies', 'SubCategory': 'Supplies'}",Fiskars Softgrip Scissors,65.88,6,0,18.4464
4538,CA-2017-138464,7/8/2017,7/12/2017,Standard Class,VF-21715,Vicky Freymann,Home Office,United States,Seattle,Washington,98115,West,OFF-AR-10003560,"{'MainCategory': 'Office Supplies', 'SubCategory': 'Art'}",Zebra Zazzle Fluorescent Highlighters,18.24,3,0,6.2016
7633,US-2017-158526,12/29/2017,1/1/2018,Second Class,KH-16360,Katherine Hughes,Consumer,United States,Louisville,Kentucky,40214,South,FUR-CH-10002602,"{'MainCategory': 'Furniture', 'SubCategory': 'Chairs'}",DMI Arturo Collection Mission-style Design Wood Chair,1207.84,8,0,314.0384
1670,US-2015-157154,1/10/2015,1/15/2015,Standard Class,MM-17920,Michael Moore,Consumer,United States,New York City,New York,10011,East,FUR-TA-10001889,"{'MainCategory': 'Furniture', 'SubCategory': 'Tables'}",Bush Advantage Collection Racetrack Conference Table,1018.104,4,0.4,-373.3048
1273,US-2016-103646,4/21/2016,4/26/2016,Standard Class,SP-20545,Sibella Parks,Corporate,United States,Chicago,Illinois,60623,Central,OFF-BI-10002854,"{'MainCategory': 'Office Supplies', 'SubCategory': 'Binders'}","Performers Binder/Pad Holder, Black",44.848,8,0.8,-67.272
4358,CA-2017-162565,12/11/2017,12/11/2017,Same Day,RR-19315,Ralph Ritter,Consumer,United States,Aurora,Illinois,60505,Central,OFF-PA-10001937,"{'MainCategory': 'Office Supplies', 'SubCategory': 'Paper'}",Xerox 21,10.368,2,0.2,3.6288
4734,US-2015-103996,3/29/2015,3/31/2015,Second Class,RB-19435,Richard Bierner,Consumer,United States,San Diego,California,92105,West,FUR-FU-10004586,"{'MainCategory': 'Furniture', 'SubCategory': 'Furnishings'}",G.E. Longer-Life Indoor Recessed Floodlight Bulbs,19.92,3,0,9.5616
648,CA-2016-103947,4/1/2016,4/8/2016,Standard Class,BB-10990,Barry Blumstein,Corporate,United States,Sierra Vista,Arizona,85635,West,OFF-AP-10002350,"{'MainCategory': 'Office Supplies', 'SubCategory': 'Appliances'}",Belkin F9H710-06 7 Outlet SurgeMaster Surge Protector,30.144,2,0.2,3.0144
503,US-2016-105578,5/30/2016,6/4/2016,Standard Class,MY-17380,Maribeth Yedwab,Corporate,United States,Parker,Colorado,80134,West,FUR-CH-10001215,"{'MainCategory': 'Furniture', 'SubCategory': 'Chairs'}",Global Troy Executive Leather Low-Back Tilter,801.568,2,0.2,50.098
3912,CA-2017-126788,6/5/2017,6/6/2017,First Class,AB-10105,Adrian Barton,Consumer,United States,Pearland,Texas,77581,Central,TEC-PH-10001619,"{'MainCategory': 'Technology', 'SubCategory': 'Phones'}",LG G3,470.376,3,0.2,52.9173
7942,CA-2016-146325,12/14/2016,12/17/2016,First Class,DS-13180,David Smith,Corporate,United States,San Diego,California,92037,West,OFF-ST-10001590,"{'MainCategory': 'Office Supplies', 'SubCategory': 'Storage'}","Tenex Personal Project File with Scoop Front Design, Black",134.8,10,0,35.048
2388,CA-2015-145065,12/12/2015,12/15/2015,First Class,DK-13375,Dennis Kane,Consumer,United States,San Diego,California,92105,West,OFF-FA-10001229,"{'MainCategory': 'Office Supplies', 'SubCategory': 'Fasteners'}",Staples,7.86,2,0,3.6156
1981,CA-2016-112669,4/14/2016,4/14/2016,Same Day,KT-16465,Kean Takahito,Consumer,United States,Glendale,Arizona,85301,West,OFF-ST-10001228,"{'MainCategory': 'Office Supplies', 'SubCategory': 'Storage'}","Fellowes Personal Hanging Folder Files, Navy",42.976,4,0.2,4.2976
9192,US-2015-130512,8/21/2015,8/25/2015,Standard Class,SM-20320,Sean Miller,Home Office,United States,Allentown,Pennsylvania,18103,East,OFF-PA-10003625,"{'MainCategory': 'Office Supplies', 'SubCategory': 'Paper'}",Xerox 1979,49.568,2,0.2,15.49
7182,CA-2016-138667,12/27/2016,12/30/2016,Second Class,MW-18220,Mitch Webber,Consumer,United States,Lancaster,Ohio,43130,East,TEC-AC-10003063,"{'MainCategory': 'Technology', 'SubCategory': 'Accessories'}",Micro Innovations USB RF Wireless Keyboard with Mouse,40,2,0.2,0.5
6182,CA-2015-158421,9/21/2015,9/26/2015,Standard Class,GB-14575,Giulietta Baptist,Consumer,United States,Columbia,South Carolina,29203,South,TEC-PH-10002538,"{'MainCategory': 'Technology', 'SubCategory': 'Phones'}",Grandstream GXP1160 VoIP phone,113.73,3,0,32.9817
305,CA-2015-144253,5/4/2015,5/9/2015,Second Class,AS-10225,Alan Schoenberger,Corporate,United States,New York City,New York,10024,East,FUR-FU-10002671,"{'MainCategory': 'Furniture', 'SubCategory': 'Furnishings'}",Electrix 20W Halogen Replacement Bulb for Zoom-In Desk Lamp,26.8,2,0,12.864
9950,CA-2017-121559,6/1/2017,6/3/2017,Second Class,HW-14935,Helen Wasserman,Corporate,United States,Indianapolis,Indiana,46203,Central,TEC-AC-10004568,"{'MainCategory': 'Technology', 'SubCategory': 'Accessories'}",Maxell LTO Ultrium - 800 GB,83.97,3,0,15.9543
1916,CA-2017-124597,4/30/2017,5/5/2017,Standard Class,AS-10630,Ann Steele,Home Office,United States,Boynton Beach,Florida,33437,South,OFF-AR-10002280,"{'MainCategory': 'Office Supplies', 'SubCategory': 'Art'}",Staples in misc. colors,15.528,3,0.2,4.8525
8718,CA-2016-120824,6/12/2016,6/16/2016,Second Class,AW-10930,Arthur Wiediger,Home Office,United States,Houston,Texas,77070,Central,FUR-FU-10001424,"{'MainCategory': 'Furniture', 'SubCategory': 'Furnishings'}",Dax Clear Box Frame,6.984,2,0.6,-4.5396
7683,CA-2015-120782,4/28/2015,5/1/2015,First Class,SD-20485,Shirley Daniels,Home Office,United States,Midland,Michigan,48640,Central,OFF-AP-10003779,"{'MainCategory': 'Office Supplies', 'SubCategory': 'Appliances'}",Kensington 7 Outlet MasterPiece Power Center with Fax/Phone Line Protection,186.732,1,0.1,41.496
1937,CA-2015-141768,5/25/2015,5/27/2015,Second Class,NP-18685,Nora Pelletier,Home Office,United States,San Francisco,California,94109,West,FUR-FU-10002268,"{'MainCategory': 'Furniture', 'SubCategory': 'Furnishings'}",Ultra Door Push Plate,14.73,3,0,4.8609
9332,CA-2016-108056,9/29/2016,10/3/2016,Standard Class,ES-14080,Erin Smith,Corporate,United States,Springfield,Oregon,97477,West,TEC-PH-10001817,"{'MainCategory': 'Technology', 'SubCategory': 'Phones'}",Wilson Electronics DB Pro Signal Booster,859.2,3,0.2,75.18
3885,CA-2014-152849,7/5/2014,7/12/2014,Standard Class,DW-13195,David Wiener,Corporate,United States,Knoxville,Tennessee,37918,South,OFF-AR-10002833,"{'MainCategory': 'Office Supplies', 'SubCategory': 'Art'}",Newell 322,4.368,3,0.2,0.3822
3835,CA-2014-105984,11/24/2014,11/24/2014,Same Day,MY-18295,Muhammed Yedwab,Corporate,United States,Columbus,Ohio,43229,East,FUR-CH-10000847,"{'MainCategory': 'Furniture', 'SubCategory': 'Chairs'}",Global Executive Mid-Back Manager's Chair,611.058,3,0.3,-34.9176
5055,CA-2015-141243,1/3/2015,1/8/2015,Second Class,AH-10465,Amy Hunt,Consumer,United States,Dallas,Texas,75217,Central,OFF-AR-10001246,"{'MainCategory': 'Office Supplies', 'SubCategory': 'Art'}",Newell 317,7.056,3,0.2,0.7938
7568,CA-2017-140802,4/21/2017,4/23/2017,First Class,KN-16390,Katherine Nockton,Corporate,United States,Houston,Texas,77070,Central,OFF-PA-10001534,"{'MainCategory': 'Office Supplies', 'SubCategory': 'Paper'}",Xerox 230,20.736,4,0.2,7.2576
2399,CA-2017-169264,8/14/2017,8/16/2017,Second Class,NP-18700,Nora Preis,Consumer,United States,San Francisco,California,94109,West,OFF-AR-10000246,"{'MainCategory': 'Office Supplies', 'SubCategory': 'Art'}",Newell 318,16.68,6,0,4.3368
7723,US-2017-138086,4/16/2017,4/20/2017,Standard Class,JO-15550,Jesus Ocampo,Home Office,United States,San Francisco,California,94109,West,OFF-AP-10000027,"{'MainCategory': 'Office Supplies', 'SubCategory': 'Appliances'}",Hoover Commercial SteamVac,40.74,3,0,12.222
4263,CA-2017-123351,9/21/2017,9/25/2017,Standard Class,KT-16480,Kean Thornton,Consumer,United States,Columbus,Georgia,31907,South,OFF-AP-10001242,"{'MainCategory': 'Office Supplies', 'SubCategory': 'Appliances'}",APC 7 Outlet Network SurgeArrest Surge Protector,80.48,1,0,24.144
2950,CA-2017-134915,11/12/2017,11/12/2017,Same Day,EM-14140,Eugene Moren,Home Office,United States,Glendale,Arizona,85301,West,TEC-AC-10001266,"{'MainCategory': 'Technology', 'SubCategory': 'Accessories'}",Memorex Micro Travel Drive 8 GB,41.6,4,0.2,13
6676,CA-2015-109337,11/21/2015,11/23/2015,Second Class,DL-13330,Denise Leinenbach,Consumer,United States,Lawrence,Indiana,46226,Central,TEC-MA-10002930,"{'MainCategory': 'Technology', 'SubCategory': 'Machines'}",Ricoh - Ink Collector Unit for GX3000 Series Printers,83.9,2,0,22.653
979,CA-2016-145499,5/30/2016,5/31/2016,First Class,RW-19690,Robert Waldorf,Consumer,United States,Wilmington,North Carolina,28403,South,OFF-BI-10000848,"{'MainCategory': 'Office Supplies', 'SubCategory': 'Binders'}",Angle-D Ring Binders,3.282,2,0.7,-2.6256
6215,CA-2014-128538,10/11/2014,10/15/2014,Standard Class,AS-10240,Alan Shonely,Consumer,United States,Redondo Beach,California,90278,West,OFF-EN-10001219,"{'MainCategory': 'Office Supplies', 'SubCategory': 'Envelopes'}","#10- 4 1/8"" x 9 1/2"" Security-Tint Envelopes",7.64,1,0,3.7436
3648,CA-2014-146528,7/25/2014,7/27/2014,Second Class,VF-21715,Vicky Freymann,Home Office,United States,Los Angeles,California,90045,West,OFF-SU-10002522,"{'MainCategory': 'Office Supplies', 'SubCategory': 'Supplies'}",Acme Kleen Earth Office Shears,15.52,4,0,4.5008
5207,CA-2015-102015,9/12/2015,9/18/2015,Standard Class,TM-21010,Tamara Manning,Consumer,United States,Auburn,New York,13021,East,OFF-FA-10000490,"{'MainCategory': 'Office Supplies', 'SubCategory': 'Fasteners'}","OIC Binder Clips, Mini, 1/4"" Capacity, Black",1.24,1,0,0.5828
5336,CA-2014-103331,8/26/2014,9/1/2014,Standard Class,KB-16315,Karl Braun,Consumer,United States,Newark,Delaware,19711,East,OFF-PA-10002659,"{'MainCategory': 'Office Supplies', 'SubCategory': 'Paper'}",Avoid Verbal Orders Carbonless Minifold Book,3.38,1,0,1.5548
4442,US-2016-111290,7/22/2016,7/26/2016,Standard Class,DK-13375,Dennis Kane,Consumer,United States,Westland,Michigan,48185,Central,OFF-ST-10001932,"{'MainCategory': 'Office Supplies', 'SubCategory': 'Storage'}",Fellowes Staxonsteel Drawer Files,965.85,5,0,135.219
7510,US-2017-161935,7/14/2017,7/18/2017,Standard Class,JL-15835,John Lee,Consumer,United States,Columbus,Ohio,43229,East,TEC-PH-10000560,"{'MainCategory': 'Technology', 'SubCategory': 'Phones'}",Samsung Galaxy S III - 16GB - pebble blue (T-Mobile),1889.946,9,0.4,-377.9892
3046,CA-2017-125290,11/6/2017,11/10/2017,Second Class,CC-12430,Chuck Clark,Home Office,United States,Minneapolis,Minnesota,55407,Central,OFF-AR-10001216,"{'MainCategory': 'Office Supplies', 'SubCategory': 'Art'}",Newell 339,13.9,5,0,3.614
3910,CA-2015-167010,4/5/2015,4/10/2015,Standard Class,VT-21700,Valerie Takahito,Home Office,United States,Philadelphia,Pennsylvania,19143,East,FUR-FU-10001037,"{'MainCategory': 'Furniture', 'SubCategory': 'Furnishings'}","DAX Charcoal/Nickel-Tone Document Frame, 5 x 7",7.584,1,0.2,2.37
4841,CA-2017-154123,11/20/2017,11/25/2017,Standard Class,SC-20050,Sample Company A,Home Office,United States,Henderson,Kentucky,42420,South,FUR-FU-10000629,"{'MainCategory': 'Furniture', 'SubCategory': 'Furnishings'}",9-3/4 Diameter Round Wall Clock,27.58,2,0,11.5836
6202,CA-2015-146675,4/16/2015,4/20/2015,Standard Class,SB-20185,Sarah Brown,Consumer,United States,Evanston,Illinois,60201,Central,TEC-AC-10004396,"{'MainCategory': 'Technology', 'SubCategory': 'Accessories'}",Logitech Keyboard K120,43.56,3,0.2,-4.9005
7752,CA-2015-133242,6/18/2015,6/24/2015,Standard Class,KH-16510,Keith Herrera,Consumer,United States,Arlington,Virginia,22204,South,TEC-PH-10002496,"{'MainCategory': 'Technology', 'SubCategory': 'Phones'}",Cisco SPA301,467.97,3,0,140.391
3922,CA-2016-110044,6/28/2016,7/2/2016,Second Class,RF-19735,Roland Fjeld,Consumer,United States,Chicago,Illinois,60610,Central,TEC-PH-10001299,"{'MainCategory': 'Technology', 'SubCategory': 'Phones'}",Polycom CX300 Desktop Phone USB VoIP phone,359.976,3,0.2,35.9976
9799,CA-2015-128608,1/12/2015,1/17/2015,Standard Class,CS-12490,Cindy Schnelling,Corporate,United States,Toledo,Ohio,43615,East,TEC-PH-10000912,"{'MainCategory': 'Technology', 'SubCategory': 'Phones'}",Anker 24W Portable Micro USB Car Charger,26.376,4,0.4,2.6376
81,CA-2016-127208,6/12/2016,6/15/2016,First Class,SC-20770,Stewart Carmichael,Corporate,United States,Decatur,Alabama,35601,South,OFF-BI-10002309,"{'MainCategory': 'Office Supplies', 'SubCategory': 'Binders'}",Avery Heavy-Duty EZD  Binder With Locking Rings,16.74,3,0,8.0352
3116,CA-2016-150350,8/23/2016,8/30/2016,Standard Class,MS-17770,Maxwell Schwartz,Consumer,United States,Seattle,Washington,98105,West,FUR-CH-10001973,"{'MainCategory': 'Furniture', 'SubCategory': 'Chairs'}",Office Star Flex Back Scooter Chair with White Frame,532.704,6,0.2,-39.9528
3344,CA-2016-145982,8/27/2016,9/1/2016,Second Class,TB-21055,Ted Butterfield,Consumer,United States,Quincy,Massachusetts,2169,East,TEC-PH-10000011,"{'MainCategory': 'Technology', 'SubCategory': 'Phones'}",PureGear Roll-On Screen Protector,59.97,3,0,28.7856
8810,US-2017-110646,10/26/2017,10/31/2017,Standard Class,JF-15190,Jamie Frazer,Consumer,United States,Philadelphia,Pennsylvania,19134,East,OFF-LA-10001404,"{'MainCategory': 'Office Supplies', 'SubCategory': 'Labels'}",Avery 517,14.76,5,0.2,4.9815
8413,CA-2017-132290,3/10/2017,3/14/2017,Standard Class,MD-17350,Maribeth Dona,Consumer,United States,Dallas,Texas,75217,Central,FUR-TA-10002228,"{'MainCategory': 'Furniture', 'SubCategory': 'Tables'}","Bevis Traditional Conference Table Top, Plinth Base",933.408,4,0.3,-173.3472
8416,CA-2017-107265,4/6/2017,4/12/2017,Standard Class,ML-17755,Max Ludwig,Home Office,United States,Marion,Iowa,52302,Central,OFF-PA-10000474,"{'MainCategory': 'Office Supplies', 'SubCategory': 'Paper'}",Easy-staple paper,106.32,3,0,49.9704
3416,CA-2016-116540,9/2/2016,9/2/2016,Same Day,SS-20590,Sonia Sunley,Consumer,United States,Madison,Wisconsin,53711,Central,OFF-FA-10002676,"{'MainCategory': 'Office Supplies', 'SubCategory': 'Fasteners'}",Colored Push Pins,1.81,1,0,0.6516
2509,CA-2017-163902,3/2/2017,3/8/2017,Standard Class,MY-17380,Maribeth Yedwab,Corporate,United States,Los Angeles,California,90045,West,TEC-PH-10000675,"{'MainCategory': 'Technology', 'SubCategory': 'Phones'}",Panasonic KX TS3282B Corded phone,196.776,3,0.2,14.7582
4826,CA-2016-140018,11/21/2016,11/26/2016,Standard Class,CK-12205,Chloris Kastensmidt,Consumer,United States,Columbus,Ohio,43229,East,FUR-FU-10001876,"{'MainCategory': 'Furniture', 'SubCategory': 'Furnishings'}","Computer Room Manger, 14""",77.952,3,0.2,15.5904
3876,CA-2016-136231,9/5/2016,9/7/2016,Second Class,DM-13015,Darrin Martin,Consumer,United States,Johnson City,Tennessee,37604,South,TEC-PH-10002660,"{'MainCategory': 'Technology', 'SubCategory': 'Phones'}",Nortel Networks T7316 E Nt8 B27,108.784,2,0.2,6.799
1895,US-2017-108063,12/2/2017,12/5/2017,First Class,AS-10090,Adam Shillingsburg,Consumer,United States,Charlottesville,Virginia,22901,South,OFF-AR-10001446,"{'MainCategory': 'Office Supplies', 'SubCategory': 'Art'}",Newell 309,34.65,3,0,10.395
4397,CA-2016-148740,11/15/2016,11/19/2016,Standard Class,AH-10690,Anna Häberlin,Corporate,United States,San Diego,California,92024,West,TEC-PH-10002549,"{'MainCategory': 'Technology', 'SubCategory': 'Phones'}",Polycom SoundPoint IP 450 VoIP phone,361.376,2,0.2,27.1032
710,CA-2014-112158,12/2/2014,12/4/2014,First Class,DP-13165,David Philippe,Consumer,United States,New York City,New York,10035,East,OFF-BI-10000050,"{'MainCategory': 'Office Supplies', 'SubCategory': 'Binders'}","Angle-D Binders with Locking Rings, Label Holders",46.72,8,0.2,15.768
2354,CA-2015-111514,8/31/2015,9/2/2015,First Class,SC-20260,Scott Cohen,Corporate,United States,San Francisco,California,94122,West,FUR-BO-10002545,"{'MainCategory': 'Furniture', 'SubCategory': 'Bookcases'}","Atlantic Metals Mobile 3-Shelf Bookcases, Custom Colors",1552.831,7,0.15,200.9546
3400,CA-2014-102274,11/21/2014,11/26/2014,Standard Class,DH-13075,Dave Hallsten,Corporate,United States,Richmond,Kentucky,40475,South,OFF-PA-10004359,"{'MainCategory': 'Office Supplies', 'SubCategory': 'Paper'}",Multicolor Computer Printout Paper,629.1,6,0,301.968
8832,CA-2015-145324,11/15/2015,11/19/2015,Standard Class,DH-13675,Duane Huffman,Home Office,United States,Harrisonburg,Virginia,22801,South,FUR-FU-10002759,"{'MainCategory': 'Furniture', 'SubCategory': 'Furnishings'}",12-1/2 Diameter Round Wall Clock,39.96,2,0,14.3856
3631,CA-2017-155957,11/26/2017,11/30/2017,Standard Class,CC-12610,Corey Catlett,Corporate,United States,Columbus,Ohio,43229,East,OFF-AP-10004708,"{'MainCategory': 'Office Supplies', 'SubCategory': 'Appliances'}",Fellowes Superior 10 Outlet Split Surge Protector,213.136,7,0.2,23.9778
4839,CA-2017-106831,6/1/2017,6/3/2017,First Class,FH-14350,Fred Harton,Consumer,United States,Dublin,Ohio,43017,East,OFF-PA-10000682,"{'MainCategory': 'Office Supplies', 'SubCategory': 'Paper'}",Xerox 1924,27.744,6,0.2,10.0572
8408,CA-2017-140480,7/8/2017,7/12/2017,Standard Class,HE-14800,Harold Engle,Corporate,United States,Newark,Delaware,19711,East,OFF-AR-10001419,"{'MainCategory': 'Office Supplies', 'SubCategory': 'Art'}",Newell 325,28.91,7,0,8.673
2479,CA-2014-145212,9/13/2014,9/19/2014,Standard Class,DC-12850,Dan Campbell,Consumer,United States,New York City,New York,10011,East,OFF-AR-10002833,"{'MainCategory': 'Office Supplies', 'SubCategory': 'Art'}",Newell 322,5.46,3,0,1.4742
9006,CA-2017-107825,11/18/2017,11/18/2017,Same Day,NB-18655,Nona Balk,Corporate,United States,Milwaukee,Wisconsin,53209,Central,OFF-ST-10001321,"{'MainCategory': 'Office Supplies', 'SubCategory': 'Storage'}","Decoflex Hanging Personal Folder File, Blue",92.52,6,0,24.9804
8635,CA-2017-159793,8/25/2017,8/29/2017,Standard Class,SV-20365,Seth Vernon,Consumer,United States,Philadelphia,Pennsylvania,19140,East,FUR-BO-10001798,"{'MainCategory': 'Furniture', 'SubCategory': 'Bookcases'}",Bush Somerset Collection Bookcase,130.98,2,0.5,-89.0664
6513,CA-2017-167640,3/6/2017,3/10/2017,Standard Class,FC-14245,Frank Carlisle,Home Office,United States,San Francisco,California,94109,West,OFF-LA-10004559,"{'MainCategory': 'Office Supplies', 'SubCategory': 'Labels'}",Avery 49,11.52,4,0,5.6448
5050,US-2014-104759,3/31/2014,4/4/2014,Standard Class,DD-13570,Dorothy Dickinson,Consumer,United States,Chicago,Illinois,60610,Central,TEC-AC-10004901,"{'MainCategory': 'Technology', 'SubCategory': 'Accessories'}",Kensington SlimBlade Notebook Wireless Mouse with Nano Receiver ,79.984,2,0.2,13.9972
5991,US-2017-163300,9/15/2017,9/21/2017,Standard Class,ES-14020,Erica Smith,Consumer,United States,Los Angeles,California,90049,West,OFF-BI-10004390,"{'MainCategory': 'Office Supplies', 'SubCategory': 'Binders'}",GBC DocuBind 200 Manual Binding Machine,2357.488,7,0.2,884.058
7352,CA-2017-141138,11/10/2017,11/16/2017,Standard Class,GH-14425,Gary Hwang,Consumer,United States,Modesto,California,95351,West,TEC-AC-10001772,"{'MainCategory': 'Technology', 'SubCategory': 'Accessories'}",Memorex Mini Travel Drive 16 GB USB 2.0 Flash Drive,111.79,7,0,43.5981
9054,CA-2014-141838,3/26/2014,3/31/2014,Second Class,DK-12835,Damala Kotsonis,Corporate,United States,San Francisco,California,94122,West,TEC-PH-10004100,"{'MainCategory': 'Technology', 'SubCategory': 'Phones'}",Griffin GC17055 Auxiliary Audio Cable,28.784,2,0.2,2.8784
8626,CA-2015-156118,12/8/2015,12/12/2015,Standard Class,HG-14965,Henry Goldwyn,Corporate,United States,Colorado Springs,Colorado,80906,West,OFF-PA-10000533,"{'MainCategory': 'Office Supplies', 'SubCategory': 'Paper'}",Southworth Parchment Paper & Envelopes,15.696,3,0.2,5.1012
2596,CA-2017-149048,5/13/2017,5/17/2017,Standard Class,BM-11650,Brian Moss,Corporate,United States,Columbus,Indiana,47201,Central,OFF-BI-10004632,"{'MainCategory': 'Office Supplies', 'SubCategory': 'Binders'}",Ibico Hi-Tech Manual Binding System,914.97,3,0,411.7365
5441,US-2017-153633,11/13/2017,11/18/2017,Second Class,TC-21295,Toby Carlisle,Consumer,United States,Jupiter,Florida,33458,South,OFF-AR-10002335,"{'MainCategory': 'Office Supplies', 'SubCategory': 'Art'}",DIXON Oriole Pencils,2.064,1,0.2,0.1548
6210,CA-2017-119809,8/18/2017,8/25/2017,Standard Class,YS-21880,Yana Sorensen,Corporate,United States,Seattle,Washington,98103,West,OFF-BI-10003925,"{'MainCategory': 'Office Supplies', 'SubCategory': 'Binders'}",Fellowes PB300 Plastic Comb Binding Machine,2793.528,9,0.2,942.8157
3791,CA-2014-107139,7/5/2014,7/11/2014,Standard Class,DP-13390,Dennis Pardue,Home Office,United States,Los Angeles,California,90004,West,OFF-BI-10001670,"{'MainCategory': 'Office Supplies', 'SubCategory': 'Binders'}",Vinyl Sectional Post Binders,180.96,6,0.2,67.86
591,US-2016-156986,3/20/2016,3/24/2016,Standard Class,ZC-21910,Zuschuss Carroll,Consumer,United States,Salem,Oregon,97301,West,OFF-BI-10002498,"{'MainCategory': 'Office Supplies', 'SubCategory': 'Binders'}",Clear Mylar Reinforcing Strips,16.821,3,0.7,-12.8961
3137,CA-2017-164168,11/12/2017,11/18/2017,Standard Class,LS-16975,Lindsay Shagiari,Home Office,United States,Dallas,Texas,75081,Central,TEC-PH-10004908,"{'MainCategory': 'Technology', 'SubCategory': 'Phones'}",Panasonic KX TS3282W Corded phone,67.992,1,0.2,8.499
5518,CA-2017-117667,12/4/2017,12/9/2017,Standard Class,MS-17980,Michael Stewart,Corporate,United States,Philadelphia,Pennsylvania,19134,East,FUR-CH-10004540,"{'MainCategory': 'Furniture', 'SubCategory': 'Chairs'}",Global Chrome Stack Chair,239.96,10,0.3,-10.284
4194,CA-2015-150875,11/16/2015,11/20/2015,Standard Class,HK-14890,Heather Kirkland,Corporate,United States,Boise,Idaho,83704,West,TEC-PH-10001254,"{'MainCategory': 'Technology', 'SubCategory': 'Phones'}",Jabra BIZ 2300 Duo QD Duo Corded Headset,304.776,3,0.2,22.8582
3812,CA-2015-113628,11/12/2015,11/19/2015,Standard Class,AH-10690,Anna Häberlin,Corporate,United States,Plantation,Florida,33317,South,FUR-CH-10004477,"{'MainCategory': 'Furniture', 'SubCategory': 'Chairs'}","Global Push Button Manager's Chair, Indigo",146.136,3,0.2,16.4403
9744,CA-2016-137127,6/16/2016,6/22/2016,Standard Class,JJ-15445,Jennifer Jackson,Consumer,United States,Newark,Delaware,19711,East,OFF-LA-10001641,"{'MainCategory': 'Office Supplies', 'SubCategory': 'Labels'}",Avery 518,9.45,3,0,4.536
2226,CA-2016-106383,3/19/2016,3/21/2016,Second Class,BT-11440,Bobby Trafton,Consumer,United States,Littleton,Colorado,80122,West,FUR-BO-10002202,"{'MainCategory': 'Furniture', 'SubCategory': 'Bookcases'}","Atlantic Metals Mobile 2-Shelf Bookcases, Custom Colors",72.294,1,0.7,-98.8018
364,CA-2017-144904,9/25/2017,10/1/2017,Standard Class,KW-16435,Katrina Willman,Consumer,United States,New York City,New York,10009,East,OFF-AR-10003732,"{'MainCategory': 'Office Supplies', 'SubCategory': 'Art'}",Newell 333,5.56,2,0,1.4456
7537,CA-2017-103415,12/3/2017,12/8/2017,Standard Class,MV-17485,Mark Van Huff,Consumer,United States,Houston,Texas,77041,Central,FUR-FU-10000820,"{'MainCategory': 'Furniture', 'SubCategory': 'Furnishings'}",Tensor Brushed Steel Torchiere Floor Lamp,13.592,2,0.6,-14.2716
2234,CA-2015-123232,12/14/2015,12/16/2015,Second Class,DJ-13630,Doug Jacobs,Consumer,United States,Portland,Oregon,97206,West,TEC-PH-10001051,"{'MainCategory': 'Technology', 'SubCategory': 'Phones'}",HTC One,319.968,4,0.2,35.9964
5250,CA-2015-106215,4/16/2015,4/21/2015,Standard Class,BN-11470,Brad Norvell,Corporate,United States,Philadelphia,Pennsylvania,19143,East,OFF-FA-10001229,"{'MainCategory': 'Office Supplies', 'SubCategory': 'Fasteners'}",Staples,12.576,4,0.2,4.0872
4803,US-2016-148901,5/14/2016,5/19/2016,Standard Class,MK-17905,Michael Kennedy,Corporate,United States,Jacksonville,Florida,32216,South,OFF-BI-10002309,"{'MainCategory': 'Office Supplies', 'SubCategory': 'Binders'}",Avery Heavy-Duty EZD  Binder With Locking Rings,13.392,8,0.7,-9.8208
394,US-2014-134971,6/7/2014,6/10/2014,Second Class,BP-11095,Bart Pistole,Corporate,United States,Peoria,Illinois,61604,Central,OFF-BI-10003982,"{'MainCategory': 'Office Supplies', 'SubCategory': 'Binders'}",Wilson Jones Century Plastic Molded Ring Binders,12.462,3,0.8,-20.5623
7470,CA-2014-138100,9/15/2014,9/20/2014,Standard Class,AA-10315,Alex Avila,Consumer,United States,New York City,New York,10011,East,FUR-FU-10002456,"{'MainCategory': 'Furniture', 'SubCategory': 'Furnishings'}","Master Caster Door Stop, Large Neon Orange",14.56,2,0,6.2608
4912,CA-2017-127306,1/14/2017,1/18/2017,Standard Class,BH-11710,Brosina Hoffman,Consumer,United States,Johnson City,Tennessee,37604,South,TEC-PH-10001924,"{'MainCategory': 'Technology', 'SubCategory': 'Phones'}",iHome FM Clock Radio with Lightning Dock,111.984,2,0.2,6.999
3815,CA-2016-152471,7/8/2016,7/8/2016,Same Day,ZD-21925,Zuschuss Donatelli,Consumer,United States,Jacksonville,Florida,32216,South,TEC-PH-10002824,"{'MainCategory': 'Technology', 'SubCategory': 'Phones'}",Jabra SPEAK 410 Multidevice Speakerphone,823.96,5,0.2,51.4975
4698,US-2015-138121,12/17/2015,12/17/2015,Same Day,JL-15835,John Lee,Consumer,United States,Detroit,Michigan,48205,Central,FUR-CH-10003817,"{'MainCategory': 'Furniture', 'SubCategory': 'Chairs'}","Global Value Steno Chair, Gray",546.66,9,0,136.665
3651,CA-2017-109960,12/9/2017,12/11/2017,Second Class,DB-13210,Dean Braden,Consumer,United States,Detroit,Michigan,48234,Central,TEC-AC-10004859,"{'MainCategory': 'Technology', 'SubCategory': 'Accessories'}","Maxell Pro 80 Minute CD-R, 10/Pack",104.88,6,0,41.952
2289,CA-2017-143343,6/10/2017,6/13/2017,First Class,BW-11200,Ben Wallace,Consumer,United States,Los Angeles,California,90032,West,OFF-AR-10002375,"{'MainCategory': 'Office Supplies', 'SubCategory': 'Art'}",Newell 351,16.4,5,0,4.756
849,CA-2017-107503,1/1/2017,1/6/2017,Standard Class,GA-14725,Guy Armstrong,Consumer,United States,Lorain,Ohio,44052,East,FUR-FU-10003878,"{'MainCategory': 'Furniture', 'SubCategory': 'Furnishings'}","Linden 10"" Round Wall Clock, Black",48.896,4,0.2,8.5568
9498,CA-2017-118213,11/5/2017,11/7/2017,First Class,AB-10060,Adam Bellavance,Home Office,United States,Greenwood,Indiana,46142,Central,OFF-PA-10002615,"{'MainCategory': 'Office Supplies', 'SubCategory': 'Paper'}","Ampad Gold Fibre Wirebound Steno Books, 6"" x 9"", Gregg Ruled",4.41,1,0,2.0286
9195,CA-2014-146843,11/30/2014,12/6/2014,Standard Class,PB-19150,Philip Brown,Consumer,United States,Avondale,Arizona,85323,West,OFF-SU-10001664,"{'MainCategory': 'Office Supplies', 'SubCategory': 'Supplies'}",Acme Office Executive Series Stainless Steel Trimmers,47.992,7,0.2,3.5994
7583,CA-2015-142734,4/16/2015,4/21/2015,Standard Class,DM-13345,Denise Monton,Corporate,United States,New York City,New York,10024,East,FUR-CH-10003968,"{'MainCategory': 'Furniture', 'SubCategory': 'Chairs'}",Novimex Turbo Task Chair,127.764,2,0.1,2.8392
5132,CA-2017-146626,12/29/2017,1/5/2018,Standard Class,BP-11185,Ben Peterman,Corporate,United States,Anaheim,California,92804,West,FUR-FU-10002501,"{'MainCategory': 'Furniture', 'SubCategory': 'Furnishings'}",Nu-Dell Executive Frame,101.12,8,0,37.4144
1359,CA-2017-160045,4/26/2017,4/27/2017,First Class,LB-16735,Larry Blacks,Consumer,United States,Fort Worth,Texas,76106,Central,FUR-FU-10000010,"{'MainCategory': 'Furniture', 'SubCategory': 'Furnishings'}","DAX Value U-Channel Document Frames, Easel Back",1.988,1,0.6,-1.4413
4279,US-2016-107440,4/16/2016,4/20/2016,Standard Class,BS-11365,Bill Shonely,Corporate,United States,Lakewood,New Jersey,8701,East,FUR-FU-10000550,"{'MainCategory': 'Furniture', 'SubCategory': 'Furnishings'}",Stacking Trays by OIC,9.96,2,0,3.2868
3477,CA-2016-144911,11/27/2016,11/30/2016,First Class,RW-19630,Rob Williams,Corporate,United States,Overland Park,Kansas,66212,Central,OFF-BI-10000977,"{'MainCategory': 'Office Supplies', 'SubCategory': 'Binders'}",Ibico Plastic Spiral Binding Combs,152,5,0,69.92
7259,CA-2016-152730,5/30/2016,6/4/2016,Standard Class,EM-14140,Eugene Moren,Home Office,United States,Superior,Wisconsin,54880,Central,OFF-AR-10000940,"{'MainCategory': 'Office Supplies', 'SubCategory': 'Art'}",Newell 343,14.7,5,0,3.969
5801,CA-2014-123225,7/11/2014,7/14/2014,First Class,MN-17935,Michael Nguyen,Consumer,United States,El Paso,Texas,79907,Central,TEC-PH-10000895,"{'MainCategory': 'Technology', 'SubCategory': 'Phones'}",Polycom VVX 310 VoIP phone,575.968,4,0.2,43.1976
4984,CA-2016-109925,11/6/2016,11/10/2016,Second Class,IM-15070,Irene Maddox,Consumer,United States,San Diego,California,92105,West,OFF-ST-10003442,"{'MainCategory': 'Office Supplies', 'SubCategory': 'Storage'}",Eldon Portable Mobile Manager,84.84,3,0,22.9068
1043,CA-2016-102981,9/6/2016,9/9/2016,Second Class,MO-17500,Mary O'Rourke,Consumer,United States,New York City,New York,10035,East,FUR-BO-10001811,"{'MainCategory': 'Furniture', 'SubCategory': 'Bookcases'}","Atlantic Metals Mobile 5-Shelf Bookcases, Custom Colors",722.352,3,0.2,90.294
3767,CA-2016-163153,3/21/2016,3/25/2016,Standard Class,DM-12955,Dario Medina,Corporate,United States,Houston,Texas,77036,Central,OFF-AR-10001868,"{'MainCategory': 'Office Supplies', 'SubCategory': 'Art'}",Prang Dustless Chalk Sticks,1.344,1,0.2,0.504
7382,CA-2016-105732,9/13/2016,9/18/2016,Standard Class,AG-10270,Alejandro Grove,Consumer,United States,Omaha,Nebraska,68104,Central,TEC-PH-10001644,"{'MainCategory': 'Technology', 'SubCategory': 'Phones'}","BlueLounge Milo Smartphone Stand, White/Metallic",149.95,5,0,41.986
4714,CA-2014-108273,12/16/2014,12/21/2014,Standard Class,EJ-13720,Ed Jacobs,Consumer,United States,Huntsville,Texas,77340,Central,FUR-FU-10002116,"{'MainCategory': 'Furniture', 'SubCategory': 'Furnishings'}","Tenex Carpeted, Granite-Look or Clear Contemporary Contour Shape Chair Mats",56.568,2,0.6,-74.9526
3728,CA-2016-165169,6/5/2016,6/11/2016,Standard Class,JL-15235,Janet Lee,Consumer,United States,Newark,Delaware,19711,East,OFF-AR-10000122,"{'MainCategory': 'Office Supplies', 'SubCategory': 'Art'}",Newell 314,11.16,2,0,2.79
2142,CA-2014-159520,6/6/2014,6/11/2014,Standard Class,GT-14635,Grant Thornton,Corporate,United States,Long Beach,New York,11561,East,FUR-TA-10003238,"{'MainCategory': 'Furniture', 'SubCategory': 'Tables'}","Chromcraft Bull-Nose Wood 48"" x 96"" Rectangular Conference Tables",991.764,3,0.4,-347.1174
6251,CA-2017-121580,5/29/2017,6/4/2017,Standard Class,ML-17410,Maris LaWare,Consumer,United States,Columbus,Indiana,47201,Central,OFF-PA-10004082,"{'MainCategory': 'Office Supplies', 'SubCategory': 'Paper'}","Adams Telephone Message Book w/Frequently-Called Numbers Space, 400 Messages per Book",7.98,1,0,3.99
90,CA-2016-109806,9/17/2016,9/22/2016,Standard Class,JS-15685,Jim Sink,Corporate,United States,Los Angeles,California,90036,West,OFF-AR-10004930,"{'MainCategory': 'Office Supplies', 'SubCategory': 'Art'}",Turquoise Lead Holder with Pocket Clip,20.1,3,0,6.633
511,CA-2017-135307,11/26/2017,11/27/2017,First Class,LS-17245,Lynn Smith,Consumer,United States,Gladstone,Missouri,64118,Central,FUR-FU-10001290,"{'MainCategory': 'Furniture', 'SubCategory': 'Furnishings'}",Executive Impressions Supervisor Wall Clock,126.3,3,0,40.416
6029,CA-2016-157364,11/19/2016,11/21/2016,First Class,LT-17110,Liz Thompson,Consumer,United States,Jacksonville,North Carolina,28540,South,OFF-AR-10003752,"{'MainCategory': 'Office Supplies', 'SubCategory': 'Art'}",Deluxe Chalkboard Eraser Cleaner,18.48,2,0.2,6.006
5538,US-2016-167472,6/6/2016,6/7/2016,First Class,CK-12595,Clytie Kelty,Consumer,United States,Little Rock,Arkansas,72209,South,OFF-PA-10001534,"{'MainCategory': 'Office Supplies', 'SubCategory': 'Paper'}",Xerox 230,12.96,2,0,6.2208
1124,US-2014-147627,1/20/2014,1/26/2014,Standard Class,HL-15040,Hunter Lopez,Consumer,United States,Jonesboro,Arkansas,72401,South,FUR-FU-10003194,"{'MainCategory': 'Furniture', 'SubCategory': 'Furnishings'}","Eldon Expressions Desk Accessory, Wood Pencil Holder, Oak",38.6,4,0,11.58
1478,CA-2016-121958,11/13/2016,11/17/2016,Standard Class,CS-12505,Cindy Stewart,Consumer,United States,Thomasville,North Carolina,27360,South,OFF-SU-10000381,"{'MainCategory': 'Office Supplies', 'SubCategory': 'Supplies'}",Acme Forged Steel Scissors with Black Enamel Handles,52.136,7,0.2,5.8653
8702,CA-2017-119284,6/15/2017,6/20/2017,Standard Class,TS-21205,Thomas Seio,Corporate,United States,Nashville,Tennessee,37211,South,OFF-ST-10001490,"{'MainCategory': 'Office Supplies', 'SubCategory': 'Storage'}","Hot File 7-Pocket, Floor Stand",142.776,1,0.2,17.847
9438,CA-2017-107853,5/26/2017,5/31/2017,Standard Class,CD-11920,Carlos Daly,Consumer,United States,Oceanside,California,92054,West,OFF-PA-10000520,"{'MainCategory': 'Office Supplies', 'SubCategory': 'Paper'}",Xerox 201,12.96,2,0,6.2208
7028,CA-2017-131653,1/29/2017,2/5/2017,Standard Class,RD-19585,Rob Dowd,Consumer,United States,New York City,New York,10011,East,OFF-LA-10001045,"{'MainCategory': 'Office Supplies', 'SubCategory': 'Labels'}",Permanent Self-Adhesive File Folder Labels for Typewriters by Universal,5.22,2,0,2.4012
2175,CA-2015-132507,7/30/2015,8/3/2015,Second Class,CC-12610,Corey Catlett,Corporate,United States,Houston,Texas,77041,Central,OFF-ST-10000943,"{'MainCategory': 'Office Supplies', 'SubCategory': 'Storage'}",Eldon ProFile File 'N Store Portable File Tub Letter/Legal Size Black,61.792,4,0.2,6.1792
8266,CA-2014-131800,12/30/2014,1/4/2015,Standard Class,AJ-10960,Astrea Jones,Consumer,United States,New York City,New York,10035,East,OFF-BI-10003429,"{'MainCategory': 'Office Supplies', 'SubCategory': 'Binders'}","Cardinal HOLDit! Binder Insert Strips,Extra Strips",35.448,7,0.2,12.8499
634,CA-2017-144694,9/24/2017,9/26/2017,Second Class,BD-11605,Brian Dahlen,Consumer,United States,Miami,Florida,33180,South,TEC-AC-10002857,"{'MainCategory': 'Technology', 'SubCategory': 'Accessories'}","Verbatim 25 GB 6x Blu-ray Single Layer Recordable Disc, 1/Pack",17.88,3,0.2,2.4585
864,CA-2016-134474,1/5/2016,1/7/2016,Second Class,AJ-10795,Anthony Johnson,Corporate,United States,Jacksonville,Florida,32216,South,OFF-AR-10003958,"{'MainCategory': 'Office Supplies', 'SubCategory': 'Art'}",Newell 337,5.248,2,0.2,0.5904
4310,CA-2014-125829,11/4/2014,11/11/2014,Standard Class,WB-21850,William Brown,Consumer,United States,Los Angeles,California,90045,West,FUR-TA-10002041,"{'MainCategory': 'Furniture', 'SubCategory': 'Tables'}","Bevis Round Conference Table Top, X-Base",573.728,4,0.2,-64.5444
4206,CA-2014-145387,10/31/2014,11/2/2014,Second Class,AM-10705,Anne McFarland,Consumer,United States,Cranston,Rhode Island,2920,East,FUR-FU-10002364,"{'MainCategory': 'Furniture', 'SubCategory': 'Furnishings'}","Eldon Expressions Wood Desk Accessories, Oak",14.76,2,0,4.2804
1381,CA-2014-126361,8/4/2014,8/9/2014,Second Class,VD-21670,Valerie Dominguez,Consumer,United States,Pleasant Grove,Utah,84062,West,OFF-BI-10002852,"{'MainCategory': 'Office Supplies', 'SubCategory': 'Binders'}",Ibico Standard Transparent Covers,13.184,1,0.2,4.7792
583,CA-2017-145233,12/1/2017,12/5/2017,Standard Class,DV-13465,Dianna Vittorini,Consumer,United States,Denver,Colorado,80219,West,TEC-PH-10000586,"{'MainCategory': 'Technology', 'SubCategory': 'Phones'}",AT&T SB67148 SynJ,105.584,2,0.2,9.2386
1553,CA-2014-130274,5/3/2014,5/5/2014,First Class,JS-15940,Joni Sundaresam,Home Office,United States,Appleton,Wisconsin,54915,Central,OFF-LA-10002195,"{'MainCategory': 'Office Supplies', 'SubCategory': 'Labels'}",Avery 481,21.56,7,0,10.3488
2693,US-2016-144211,8/28/2016,9/2/2016,Standard Class,CS-12130,Chad Sievert,Consumer,United States,Englewood,Colorado,80112,West,TEC-PH-10002890,"{'MainCategory': 'Technology', 'SubCategory': 'Phones'}",AT&T 17929 Lendline Telephone,108.576,3,0.2,8.1432
6180,CA-2015-158421,9/21/2015,9/26/2015,Standard Class,GB-14575,Giulietta Baptist,Consumer,United States,Columbia,South Carolina,29203,South,OFF-ST-10000563,"{'MainCategory': 'Office Supplies', 'SubCategory': 'Storage'}",Fellowes Bankers Box Stor/Drawer Steel Plus,63.96,2,0,6.396
9263,CA-2015-124499,10/9/2015,10/13/2015,Standard Class,FM-14380,Fred McMath,Consumer,United States,Detroit,Michigan,48227,Central,FUR-CH-10000513,"{'MainCategory': 'Furniture', 'SubCategory': 'Chairs'}",High-Back Leather Manager's Chair,389.97,3,0,35.0973
1949,CA-2017-157987,9/2/2017,9/6/2017,Standard Class,AC-10615,Ann Chong,Corporate,United States,New York City,New York,10009,East,FUR-TA-10001889,"{'MainCategory': 'Furniture', 'SubCategory': 'Tables'}",Bush Advantage Collection Racetrack Conference Table,254.526,1,0.4,-93.3262
2428,CA-2016-169922,6/11/2016,6/17/2016,Standard Class,MZ-17515,Mary Zewe,Corporate,United States,Arlington,Texas,76017,Central,OFF-BI-10003784,"{'MainCategory': 'Office Supplies', 'SubCategory': 'Binders'}",Computer Printout Index Tabs,1.344,4,0.8,-2.1504
7589,CA-2017-122945,11/16/2017,11/22/2017,Standard Class,MB-18085,Mick Brown,Consumer,United States,Roseville,California,95661,West,FUR-FU-10001196,"{'MainCategory': 'Furniture', 'SubCategory': 'Furnishings'}",DAX Cubicle Frames - 8x10,17.31,3,0,5.193
9472,CA-2017-102925,11/5/2017,11/10/2017,Second Class,CD-12280,Christina DeMoss,Consumer,United States,New York City,New York,10024,East,OFF-BI-10002706,"{'MainCategory': 'Office Supplies', 'SubCategory': 'Binders'}",Avery Premier Heavy-Duty Binder with Round Locking Rings,11.424,1,0.2,3.7128
3656,CA-2017-168102,4/24/2017,4/30/2017,Standard Class,CP-12340,Christine Phan,Corporate,United States,Jacksonville,Florida,32216,South,OFF-ST-10001370,"{'MainCategory': 'Office Supplies', 'SubCategory': 'Storage'}",Sensible Storage WireTech Storage Systems,113.568,2,0.2,-21.294
4495,CA-2014-150798,12/1/2014,12/3/2014,Second Class,JK-15730,Joe Kamberova,Consumer,United States,Columbus,Ohio,43229,East,FUR-CH-10000015,"{'MainCategory': 'Furniture', 'SubCategory': 'Chairs'}",Hon Multipurpose Stacking Arm Chairs,909.72,6,0.3,-51.984
1183,CA-2017-138779,1/14/2017,1/15/2017,First Class,RB-19570,Rob Beeghly,Consumer,United States,Jacksonville,North Carolina,28540,South,OFF-EN-10002504,"{'MainCategory': 'Office Supplies', 'SubCategory': 'Envelopes'}","Tyvek  Top-Opening Peel & Seel Envelopes, Plain White",21.744,1,0.2,7.3386
7531,US-2017-106145,9/26/2017,9/26/2017,Same Day,RA-19885,Ruben Ausman,Corporate,United States,San Francisco,California,94109,West,OFF-BI-10003925,"{'MainCategory': 'Office Supplies', 'SubCategory': 'Binders'}",Fellowes PB300 Plastic Comb Binding Machine,931.176,3,0.2,314.2719
6732,CA-2015-156734,6/18/2015,6/20/2015,First Class,BV-11245,Benjamin Venier,Corporate,United States,Smyrna,Tennessee,37167,South,OFF-PA-10001937,"{'MainCategory': 'Office Supplies', 'SubCategory': 'Paper'}",Xerox 21,20.736,4,0.2,7.2576
8902,CA-2016-150483,5/31/2016,6/4/2016,Standard Class,BP-11290,Beth Paige,Consumer,United States,Decatur,Illinois,62521,Central,OFF-PA-10001846,"{'MainCategory': 'Office Supplies', 'SubCategory': 'Paper'}",Xerox 1899,18.496,4,0.2,6.7048
2657,CA-2017-112515,9/17/2017,9/21/2017,Second Class,AS-10225,Alan Schoenberger,Corporate,United States,Provo,Utah,84604,West,OFF-ST-10001272,"{'MainCategory': 'Office Supplies', 'SubCategory': 'Storage'}","Mini 13-1/2 Capacity Data Binder Rack, Pearl",261.74,2,0,65.435
404,CA-2014-155208,4/16/2014,4/20/2014,Standard Class,SP-20650,Stephanie Phelps,Corporate,United States,Wilmington,North Carolina,28403,South,OFF-AR-10003478,"{'MainCategory': 'Office Supplies', 'SubCategory': 'Art'}","Avery Hi-Liter EverBold Pen Style Fluorescent Highlighters, 4/Pack",39.072,6,0.2,9.768
3254,CA-2017-110373,10/27/2017,10/30/2017,Second Class,MA-17560,Matt Abelman,Home Office,United States,Chicago,Illinois,60610,Central,TEC-PH-10001536,"{'MainCategory': 'Technology', 'SubCategory': 'Phones'}",Spigen Samsung Galaxy S5 Case Wallet,27.184,2,0.2,2.0388
8493,CA-2015-109190,10/23/2015,10/28/2015,Standard Class,CC-12685,Craig Carroll,Consumer,United States,Lubbock,Texas,79424,Central,OFF-PA-10000069,"{'MainCategory': 'Office Supplies', 'SubCategory': 'Paper'}","TOPS 4 x 6 Fluorescent Color Memo Sheets, 500 Sheets per Pack",60.736,8,0.2,20.4984
1259,US-2016-168620,12/24/2016,12/28/2016,Second Class,RB-19795,Ross Baird,Home Office,United States,Charlotte,North Carolina,28205,South,OFF-ST-10003716,"{'MainCategory': 'Office Supplies', 'SubCategory': 'Storage'}",Tennsco Double-Tier Lockers,540.048,3,0.2,-47.2542
345,US-2015-120712,12/20/2015,12/24/2015,Standard Class,CS-12130,Chad Sievert,Consumer,United States,Austin,Texas,78745,Central,OFF-ST-10000107,"{'MainCategory': 'Office Supplies', 'SubCategory': 'Storage'}",Fellowes Super Stor/Drawer,88.8,4,0.2,-2.22
5751,CA-2014-145800,5/30/2014,6/5/2014,Standard Class,SS-20410,Shahid Shariari,Consumer,United States,Buffalo Grove,Illinois,60089,Central,FUR-TA-10001539,"{'MainCategory': 'Furniture', 'SubCategory': 'Tables'}",Chromcraft Rectangular Conference Tables,355.455,3,0.5,-184.8366
5769,CA-2015-154900,2/25/2015,3/1/2015,Standard Class,SS-20875,Sung Shariari,Consumer,United States,Leominster,Massachusetts,1453,East,OFF-LA-10001641,"{'MainCategory': 'Office Supplies', 'SubCategory': 'Labels'}",Avery 518,3.15,1,0,1.512
7190,CA-2016-164399,11/12/2016,11/15/2016,First Class,DW-13480,Dianna Wilson,Home Office,United States,San Diego,California,92024,West,TEC-PH-10004908,"{'MainCategory': 'Technology', 'SubCategory': 'Phones'}",Panasonic KX TS3282W Corded phone,203.976,3,0.2,25.497
5547,CA-2017-151008,9/7/2017,9/8/2017,First Class,JM-16195,Justin MacKendrick,Consumer,United States,Draper,Utah,84020,West,FUR-FU-10002396,"{'MainCategory': 'Furniture', 'SubCategory': 'Furnishings'}","DAX Copper Panel Document Frame, 5 x 7 Size",25.16,2,0,10.5672
6134,CA-2016-148096,8/16/2016,8/19/2016,First Class,AO-10810,Anthony O'Donnell,Corporate,United States,Los Angeles,California,90045,West,FUR-TA-10004152,"{'MainCategory': 'Furniture', 'SubCategory': 'Tables'}","Barricks 18"" x 48"" Non-Folding Utility Table with Bottom Storage Shelf",161.28,2,0.2,12.096
8194,CA-2015-141327,11/30/2015,12/3/2015,First Class,LR-16915,Lena Radford,Consumer,United States,Durham,North Carolina,27707,South,OFF-AP-10001293,"{'MainCategory': 'Office Supplies', 'SubCategory': 'Appliances'}",Belkin 8 Outlet Surge Protector,98.352,3,0.2,9.8352
7372,US-2017-123862,1/7/2017,1/9/2017,Second Class,JF-15190,Jamie Frazer,Consumer,United States,Long Beach,California,90805,West,OFF-ST-10000760,"{'MainCategory': 'Office Supplies', 'SubCategory': 'Storage'}",Eldon Fold 'N Roll Cart System,153.78,11,0,44.5962
9873,CA-2017-146269,10/6/2017,10/6/2017,Same Day,MH-17455,Mark Hamilton,Consumer,United States,Chicago,Illinois,60623,Central,OFF-AR-10004790,"{'MainCategory': 'Office Supplies', 'SubCategory': 'Art'}",Staples in misc. colors,19.152,2,0.2,1.197
1643,US-2014-134712,11/29/2014,12/4/2014,Standard Class,BS-11380,Bill Stewart,Corporate,United States,Skokie,Illinois,60076,Central,OFF-FA-10003112,"{'MainCategory': 'Office Supplies', 'SubCategory': 'Fasteners'}",Staples,12.624,2,0.2,3.945
9630,CA-2014-118192,1/13/2014,1/18/2014,Standard Class,MM-17920,Michael Moore,Consumer,United States,Newark,Ohio,43055,East,OFF-BI-10003476,"{'MainCategory': 'Office Supplies', 'SubCategory': 'Binders'}",Avery Metallic Poly Binders,3.438,2,0.7,-2.5212
8519,CA-2017-118003,12/4/2017,12/10/2017,Standard Class,DO-13645,Doug O'Connell,Consumer,United States,Paterson,New Jersey,7501,East,FUR-FU-10002506,"{'MainCategory': 'Furniture', 'SubCategory': 'Furnishings'}","Tensor ""Hersey Kiss"" Styled Floor Lamp",12.99,1,0,1.5588
4659,CA-2015-112130,5/3/2015,5/7/2015,Standard Class,SV-20785,Stewart Visinsky,Consumer,United States,Philadelphia,Pennsylvania,19140,East,OFF-PA-10002230,"{'MainCategory': 'Office Supplies', 'SubCategory': 'Paper'}",Xerox 1897,7.968,2,0.2,2.8884
9009,CA-2017-107825,11/18/2017,11/18/2017,Same Day,NB-18655,Nona Balk,Corporate,United States,Milwaukee,Wisconsin,53209,Central,FUR-FU-10000206,"{'MainCategory': 'Furniture', 'SubCategory': 'Furnishings'}","GE General Purpose, Extra Long Life, Showcase & Floodlight Incandescent Bulbs",5.82,2,0,2.7354
7536,US-2017-160143,3/31/2017,4/7/2017,Standard Class,HG-14965,Henry Goldwyn,Corporate,United States,Los Angeles,California,90004,West,OFF-SU-10004231,"{'MainCategory': 'Office Supplies', 'SubCategory': 'Supplies'}",Acme Tagit Stainless Steel Antibacterial Scissors,29.7,3,0,8.019
7939,CA-2017-166093,8/17/2017,8/24/2017,Standard Class,RW-19540,Rick Wilson,Corporate,United States,Brentwood,California,94513,West,OFF-ST-10001496,"{'MainCategory': 'Office Supplies', 'SubCategory': 'Storage'}",Standard Rollaway File with Lock,540.57,3,0,140.5482
9649,CA-2014-150518,11/19/2014,11/24/2014,Standard Class,MW-18220,Mitch Webber,Consumer,United States,Coon Rapids,Minnesota,55433,Central,TEC-PH-10002103,"{'MainCategory': 'Technology', 'SubCategory': 'Phones'}",Jabra SPEAK 410,281.97,3,0,78.9516
